



@ARTICLE{Bulla2020,
       author = {{Bulla}, Mattia and {Miller}, Adam A. and {Yao}, Yuhan and {Dessart}, Luc and {Dhawan}, Suhail and {Papadogiannakis}, Semeli and {Biswas}, Rahul and {Goobar}, Ariel and {Kulkarni}, S.~R. and {Nordin}, Jakob and {Nugent}, Peter and {Polin}, Abigail and {Sollerman}, Jesper and {Bellm}, Eric C. and {Coughlin}, Michael W. and {Dekany}, Richard and {Golkhou}, V. Zach and {Graham}, Matthew J. and {Kasliwal}, Mansi M. and {Kupfer}, Thomas and {Laher}, Russ R. and {Masci}, Frank J. and {Porter}, Michael and {Rusholme}, Ben and {Shupe}, David L.},
        title = "{ZTF Early Observations of Type Ia Supernovae. III. Early-time Colors As a Test for Explosion Models and Multiple Populations}",
      journal = {\apj},
     keywords = {Surveys, Supernovae, Type Ia supernovae, 1671, 1668, 1728, Astrophysics - High Energy Astrophysical Phenomena},
         year = 2020,
        month = oct,
       volume = {902},
       number = {1},
          eid = {48},
        pages = {48},
          doi = {10.3847/1538-4357/abb13c},
archivePrefix = {arXiv},
       eprint = {2001.00587},
 primaryClass = {astro-ph.HE},
       adsurl = {https://ui.adsabs.harvard.edu/abs/2020ApJ...902...48B},
      adsnote = {Provided by the SAO/NASA Astrophysics Data System}
}


@ARTICLE{Boyle2017_Helium,
       author = {{Boyle}, Aoife and {Sim}, Stuart A. and {Hachinger}, Stephan and {Kerzendorf}, Wolfgang},
        title = "{Helium in double-detonation models of type Ia supernovae}",
      journal = {\aap},
     keywords = {supernovae: general, white dwarfs, radiative transfer, Astrophysics - High Energy Astrophysical Phenomena, Astrophysics - Solar and Stellar Astrophysics},
         year = 2017,
        month = mar,
       volume = {599},
          eid = {A46},
        pages = {A46},
          doi = {10.1051/0004-6361/201629712},
archivePrefix = {arXiv},
       eprint = {1611.05938},
 primaryClass = {astro-ph.HE},
       adsurl = {https://ui.adsabs.harvard.edu/abs/2017A&A...599A..46B},
      adsnote = {Provided by the SAO/NASA Astrophysics Data System}
}

@article{polin_observational_2019,
	title = {Observational {Predictions} for {Sub}-{Chandrasekhar} {Mass} {Explosions}: {Further} {Evidence} for {Multiple} {Progenitor} {Systems} for {Type} {Ia} {Supernovae}},
	volume = {873},
	issn = {1538-4357},
	shorttitle = {Observational {Predictions} for {Sub}-{Chandrasekhar} {Mass} {Explosions}},
	url = {https://iopscience.iop.org/article/10.3847/1538-4357/aafb6a},
	doi = {10.3847/1538-4357/aafb6a},
	abstract = {We present a numerical parameter survey of sub-Chandrasekhar mass white dwarf (WD) explosions. Carbon–oxygen WDs accreting a helium shell have the potential to explode in the sub-Chandrasekhar mass regime. Previous studies have shown how the ignition of a helium shell can either directly ignite the WD at the core–shell interface or propagate a shock wave into the the core causing a central ignition. We examine the explosions of WDs from 0.6 to 1.2 Me with helium shells of 0.01, 0.05, and 0.08 Me. Distinct observational signatures of subChandrasekhar mass WD explosions are predicted for two categories of shell size. Thicker-shell models show an early time ﬂux excess, which is caused by the presence of radioactive material in the ashes of the helium shell, and red colors due to these ashes creating signiﬁcant line blanketing in the UV through the blue portion of the spectrum. Thin shell models reproduce several typical Type Ia supernova signatures. We identify a relationship between Si II velocity and luminosity that, for the ﬁrst time, identiﬁes a subclass of observed supernovae that are consistent with these models. This subclass is further delineated by the absence of carbon in their atmospheres. We suggest that the proposed difference in the ratio of selective to total extinction between the high velocity and normal velocity Type Ia supernovae is not due to differences in the properties of the dust around these events, but is rather an artifact of applying a single extinction correction to two intrinsically different populations of supernovae.},
	language = {en},
	number = {1},
	urldate = {2021-09-16},
	journal = {\apj},
	author = {Polin, Abigail and Nugent, Peter and Kasen, Daniel},
	month = mar,
	year = {2019},
	pages = {84},
	file = {Polin et al. - 2019 - Observational Predictions for Sub-Chandrasekhar Ma.pdf:/Users/chang/Zotero/storage/ZT8MLBCF/Polin et al. - 2019 - Observational Predictions for Sub-Chandrasekhar Ma.pdf:application/pdf},
}

@article{polin_nebular_2021,
	title = {Nebular {Models} of {Sub}-{Chandrasekhar} {Mass} {Type} {Ia} {Supernovae}: {Clues} to the {Origin} of {Ca}-rich {Transients}},
	volume = {906},
	issn = {1538-4357},
	shorttitle = {Nebular {Models} of {Sub}-{Chandrasekhar} {Mass} {Type} {Ia} {Supernovae}},
	url = {https://iopscience.iop.org/article/10.3847/1538-4357/abcccc},
	doi = {10.3847/1538-4357/abcccc},
	abstract = {We use non-local thermal equilibrium radiative transport modeling to examine observational signatures of subChandrasekhar mass double detonation explosions in the nebular phase. Results range from spectra that look like typical and subluminous Type Ia supernovae (SNe) for higher mass progenitors to spectra that look like Ca-rich transients for lower mass progenitors. This ignition mechanism produces an inherent relationship between emission features and the progenitor mass as the ratio of the nebular [Ca II]/[Fe III] emission lines increases with decreasing white dwarf mass. Examining the [Ca II]/[Fe III] nebular line ratio in a sample of observed SNe we ﬁnd further evidence for the two distinct classes of SNe Ia identiﬁed in Polin et al. by their relationship between Si II velocity and B-band magnitude, both at time of peak brightness. This suggests that SNe Ia arise from more than one progenitor channel, and provides an empirical method for classifying events based on their physical origin. Furthermore, we provide insight to the mysterious origin of Ca-rich transients. Low-mass double detonation models with only a small mass fraction of Ca (1\%) produce nebular spectra that cool primarily through forbidden [Ca II] emission.},
	language = {en},
	number = {1},
	urldate = {2021-09-16},
	journal = {\apj},
	author = {Polin, Abigail and Nugent, Peter and Kasen, Daniel},
	month = jan,
	year = {2021},
	pages = {65},
	file = {Polin et al. - 2021 - Nebular Models of Sub-Chandrasekhar Mass Type Ia S.pdf:/Users/chang/Zotero/storage/3HQTIF6Z/Polin et al. - 2021 - Nebular Models of Sub-Chandrasekhar Mass Type Ia S.pdf:application/pdf},
}

@article{de_los_reyes_manganese_2020,
	title = {Manganese {Indicates} a {Transition} from {Sub}- to {Near}-{Chandrasekhar} {Type} {Ia} {Supernovae} in {Dwarf} {Galaxies}},
	volume = {891},
	issn = {1538-4357},
	url = {https://iopscience.iop.org/article/10.3847/1538-4357/ab736f},
	doi = {10.3847/1538-4357/ab736f},
	abstract = {Manganese abundances are sensitive probes of the progenitors of Type Ia supernovae (SNe Ia). In this work, we present a catalog of manganese abundances in dwarf spheroidal satellites of the Milky Way, measured using medium-resolution spectroscopy. Using a simple chemical evolution model, we infer the manganese yield of SNe Ia in the Sculptor dwarf spheroidal galaxy (dSph) and compare to theoretical yields. The sub-solar yield from SNe Ia ([Mn Fe]Ia = -0.30-+00..0033 at [Fe/ H]=−1.5 dex, with negligible dependence on metallicity) implies that subChandrasekhar-mass (sub-MCh) white dwarf progenitors are the dominant channel of SNe Ia at early times in this galaxy, although some fraction (20\%) of MCh Type Ia or Type Iax SNe are still needed to produce the observed yield. First-order corrections for deviations from local thermodynamic equilibrium increase the inferred [Mn Fe]Ia by as much as ∼0.3 dex. However, our results also suggest that the nucleosynthetic source of SNe Ia may depend on environment. In particular, we ﬁnd that dSphs with extended star formation histories (Leo I, Fornax dSphs) appear to have higher [Mn/Fe] at a given metallicity than galaxies with early bursts of star formation (Sculptor dSph), suggesting that MCh progenitors may become the dominant channel of SNe Ia at later times in a galaxy’s chemical evolution.},
	language = {en},
	number = {1},
	urldate = {2022-01-06},
	journal = {\apj},
	author = {de los Reyes, Mithi A. C. and Kirby, Evan N. and Seitenzahl, Ivo R. and Shen, Ken J.},
	month = mar,
	year = {2020},
	pages = {85},
	file = {de los Reyes et al. - 2020 - Manganese Indicates a Transition from Sub- to Near.pdf:/Users/chang/Zotero/storage/TVQH2H7H/de los Reyes et al. - 2020 - Manganese Indicates a Transition from Sub- to Near.pdf:application/pdf},
}

@ARTICLE{shahbandeh_carnegie_2021,
       author = {{Shahbandeh}, M. and {Hsiao}, E.~Y. and {Ashall}, C. and {Teffs}, J. and {Hoeflich}, P. and {Morrell}, N. and {Phillips}, M.~M. and {Anderson}, J.~P. and {Baron}, E. and {Burns}, C.~R. and {Contreras}, C. and {Davis}, S. and {Diamond}, T.~R. and {Folatelli}, G. and {Galbany}, L. and {Gall}, C. and {Hachinger}, S. and {Holmbo}, S. and {Karamehmetoglu}, E. and {Kasliwal}, M.~M. and {Kirshner}, R.~P. and {Krisciunas}, K. and {Kumar}, S. and {Lu}, J. and {Marion}, G.~H. and {Mazzali}, P.~A. and {Piro}, A.~L. and {Sand}, D.~J. and {Stritzinger}, M.~D. and {Suntzeff}, N.~B. and {Taddia}, F. and {Uddin}, S.~A.},
        title = "{Carnegie Supernova Project-II: Near-infrared Spectroscopy of Stripped-envelope Core-collapse Supernovae}",
      journal = {\apj},
     keywords = {563, 304, 1729, 1730, 1668, Astrophysics - High Energy Astrophysical Phenomena},
         year = 2022,
        month = feb,
       volume = {925},
       number = {2},
          eid = {175},
        pages = {175},
          doi = {10.3847/1538-4357/ac4030},
archivePrefix = {arXiv},
       eprint = {2110.12083},
 primaryClass = {astro-ph.HE},
       adsurl = {https://ui.adsabs.harvard.edu/abs/2022ApJ...925..175S},
      adsnote = {Provided by the SAO/NASA Astrophysics Data System}
}

@ARTICLE{Hsiao_13ebh_2015,
       author = {{Hsiao}, E.~Y. and {Burns}, C.~R. and {Contreras}, C. and {H{\"o}flich}, P. and {Sand}, D. and {Marion}, G.~H. and {Phillips}, M.~M. and {Stritzinger}, M. and {Gonz{\'a}lez-Gait{\'a}n}, S. and {Mason}, R.~E. and {Folatelli}, G. and {Parent}, E. and {Gall}, C. and {Amanullah}, R. and {Anupama}, G.~C. and {Arcavi}, I. and {Banerjee}, D.~P.~K. and {Beletsky}, Y. and {Blanc}, G.~A. and {Bloom}, J.~S. and {Brown}, P.~J. and {Campillay}, A. and {Cao}, Y. and {De Cia}, A. and {Diamond}, T. and {Freedman}, W.~L. and {Gonzalez}, C. and {Goobar}, A. and {Holmbo}, S. and {Howell}, D.~A. and {Johansson}, J. and {Kasliwal}, M.~M. and {Kirshner}, R.~P. and {Krisciunas}, K. and {Kulkarni}, S.~R. and {Maguire}, K. and {Milne}, P.~A. and {Morrell}, N. and {Nugent}, P.~E. and {Ofek}, E.~O. and {Osip}, D. and {Palunas}, P. and {Perley}, D.~A. and {Persson}, S.~E. and {Piro}, A.~L. and {Rabus}, M. and {Roth}, M. and {Schiefelbein}, J.~M. and {Srivastav}, S. and {Sullivan}, M. and {Suntzeff}, N.~B. and {Surace}, J. and {Wo{\'z}niak}, P.~R. and {Yaron}, O.},
        title = "{Strong near-infrared carbon in the Type Ia supernova iPTF13ebh}",
      journal = {\aap},
     keywords = {infrared: general, supernovae: general, supernovae: individual: iPTF13ebh, Astrophysics - Solar and Stellar Astrophysics, Astrophysics - Cosmology and Nongalactic Astrophysics, Astrophysics - High Energy Astrophysical Phenomena},
         year = 2015,
        month = jun,
       volume = {578},
          eid = {A9},
        pages = {A9},
          doi = {10.1051/0004-6361/201425297},
archivePrefix = {arXiv},
       eprint = {1503.02293},
 primaryClass = {astro-ph.SR},
       adsurl = {https://ui.adsabs.harvard.edu/abs/2015A&A...578A...9H},
      adsnote = {Provided by the SAO/NASA Astrophysics Data System}
}

@ARTICLE{Hsiao_CSP_2019,
       author = {{Hsiao}, E.~Y. and {Phillips}, M.~M. and {Marion}, G.~H. and {Kirshner}, R.~P. and {Morrell}, N. and {Sand}, D.~J. and {Burns}, C.~R. and {Contreras}, C. and {Hoeflich}, P. and {Stritzinger}, M.~D. and {Valenti}, S. and {Anderson}, J.~P. and {Ashall}, C. and {Baltay}, C. and {Baron}, E. and {Banerjee}, D.~P.~K. and {Davis}, S. and {Diamond}, T.~R. and {Folatelli}, G. and {Freedman}, Wendy L. and {F{\"o}rster}, F. and {Galbany}, L. and {Gall}, C. and {Gonz{\'a}lez-Gait{\'a}n}, S. and {Goobar}, A. and {Hamuy}, M. and {Holmbo}, S. and {Kasliwal}, M.~M. and {Krisciunas}, K. and {Kumar}, S. and {Lidman}, C. and {Lu}, J. and {Nugent}, P.~E. and {Perlmutter}, S. and {Persson}, S.~E. and {Piro}, A.~L. and {Rabinowitz}, D. and {Roth}, M. and {Ryder}, S.~D. and {Schmidt}, B.~P. and {Shahbandeh}, M. and {Suntzeff}, N.~B. and {Taddia}, F. and {Uddin}, S. and {Wang}, L.},
        title = "{Carnegie Supernova Project-II: The Near-infrared Spectroscopy Program}",
      journal = {\pasp},
     keywords = {Astrophysics - Solar and Stellar Astrophysics},
         year = 2019,
        month = jan,
       volume = {131},
       number = {995},
        pages = {014002},
          doi = {10.1088/1538-3873/aae961},
archivePrefix = {arXiv},
       eprint = {1810.08213},
 primaryClass = {astro-ph.SR},
       adsurl = {https://ui.adsabs.harvard.edu/abs/2019PASP..131a4002H},
      adsnote = {Provided by the SAO/NASA Astrophysics Data System}
}


@article{de_18byg_2019,
	title = {{ZTF} 18aaqeasu ({SN2018byg}): {A} {Massive} {Helium}-shell {Double} {Detonation} on a {Sub}-{Chandrasekhar}-mass {White} {Dwarf}},
	volume = {873},
	issn = {2041-8213},
	shorttitle = {{ZTF} 18aaqeasu ({SN2018byg})},
	url = {https://iopscience.iop.org/article/10.3847/2041-8213/ab0aec},
	doi = {10.3847/2041-8213/ab0aec},
	abstract = {The detonation of a helium shell on a white dwarf (WD) has been proposed as a possible explosion triggering mechanism for SNe Ia. Here, we report ZTF 18aaqeasu (SN 2018byg/ATLAS 18pqq), a peculiar Type I supernova, consistent with being a helium-shell double-detonation. With a rise time of ≈18 days from explosion, the transient reached a peak absolute magnitude of MR≈−18.2 mag, exhibiting a light curve akin to sub-luminous SN 1991bg-like SNe Ia, albeit with an unusually steep increase in brightness within a week from explosion. Spectra taken near peak light exhibit prominent Si absorption features together with an unusually red color (g − r≈2 mag) arising from nearly complete line blanketing of ﬂux blueward of 5000 Å. This behavior is unlike any previously observed thermonuclear transient. Nebular phase spectra taken at and after ≈30 days from peak light reveal evidence of a thermonuclear detonation event dominated by Fe-group nucleosynthesis. We show that the peculiar properties of ZTF 18aaqeasu are consistent with the detonation of a massive (≈0.15 M) helium shell on a sub-Chandrasekhar mass (≈0.75 M) WD after including mixing of ≈0.2 M of material in the outer ejecta. These observations provide evidence of a likely rare class of thermonuclear supernovae arising from detonations of massive helium shells.},
	language = {en},
	number = {2},
	urldate = {2021-09-16},
	journal = {\apj},
	author = {De, Kishalay and Kasliwal, Mansi M. and Polin, Abigail and Nugent, Peter E. and Bildsten, Lars and Adams, Scott M. and Bellm, Eric C. and Blagorodnova, Nadia and Burdge, Kevin B. and Cannella, Christopher and Cenko, S. Bradley and Dekany, Richard G. and Feeney, Michael and Hale, David and Fremling, U. Christoffer and Graham, Matthew J. and Ho, Anna Y. Q. and Jencson, Jacob E. and Kulkarni, S. R. and Laher, Russ R. and Masci, Frank J. and Miller, Adam A. and Patterson, Maria T. and Rebbapragada, Umaa and Riddle, Reed L. and Shupe, David L. and Smith, Roger M.},
	month = mar,
	year = {2019},
	pages = {L18},
	file = {De et al. - 2019 - ZTF 18aaqeasu (SN2018byg) A Massive Helium-shell .pdf:/Users/chang/Zotero/storage/3VFIDJU6/De et al. - 2019 - ZTF 18aaqeasu (SN2018byg) A Massive Helium-shell .pdf:application/pdf},
}

@article{jiang_16jhr_2017,
	title = {A hybrid type {Ia} supernova with an early flash triggered by helium-shell detonation},
	volume = {550},
	issn = {0028-0836, 1476-4687},
	url = {http://www.nature.com/articles/nature23908},
	doi = {10.1038/nature23908},
	language = {en},
	number = {7674},
	urldate = {2021-12-17},
	journal = {Nature},
	author = {Jiang, Ji-an and Doi, Mamoru and Maeda, Keiichi and Shigeyama, Toshikazu and Nomoto, Ken’ichi and Yasuda, Naoki and Jha, Saurabh W. and Tanaka, Masaomi and Morokuma, Tomoki and Tominaga, Nozomu and Ivezić, Željko and Ruiz-Lapuente, Pilar and Stritzinger, Maximilian D. and Mazzali, Paolo A. and Ashall, Christopher and Mould, Jeremy and Baade, Dietrich and Suzuki, Nao and Connolly, Andrew J. and Patat, Ferdinando and Wang, Lifan and Yoachim, Peter and Jones, David and Furusawa, Hisanori and Miyazaki, Satoshi},
	month = oct,
	year = {2017},
	pages = {80--83},
	file = {Jiang et al. - 2017 - A hybrid type Ia supernova with an early flash tri.pdf:/Users/chang/Zotero/storage/SFYUTI5C/Jiang et al. - 2017 - A hybrid type Ia supernova with an early flash tri.pdf:application/pdf},
}

@article{jacobson-galan_16hnk_2020,
	title = {Ca hnk: {The} {Calcium}-rich {Transient} {Supernova} 2016hnk from a {Helium} {Shell} {Detonation} of a {Sub}-{Chandrasekhar} {White} {Dwarf}},
	volume = {896},
	issn = {1538-4357},
	shorttitle = {Ca hnk},
	url = {https://iopscience.iop.org/article/10.3847/1538-4357/ab94b8},
	doi = {10.3847/1538-4357/ab94b8},
	abstract = {We present observations and modeling of SN2016hnk, a Ca-rich supernova (SN) that is consistent with being the result of a He-shell double-detonation explosion of a C/O white dwarf. We ﬁnd that SN2016hnk is intrinsically red relative to typical thermonuclear SNe and has a relatively low peak luminosity ( MB=−15.4 mag), setting it apart from low-luminosity SNe Ia. SN2016hnk has a fast-rising light curve that is consistent with other Ca-rich transients (tr=15 days). We determine that SN2016hnk produced 0.03±0.01 Me of 56Ni and 0.9±0.3 Me of ejecta. The photospheric spectra show strong, high-velocity Ca II absorption and signiﬁcant line blanketing at λ{\textless}5000 Å, making it distinct from typical (SN 2005E-like) Ca-rich SNe. SN2016hnk is remarkably similar to SN2018byg, which was modeled as a He-shell double-detonation explosion. We demonstrate that the spectra and light curves of SN2016hnk are well modeled by the detonation of a 0.02 M helium shell on the surface of a 0.85 M C/O white dwarf. This analysis highlights the second observed case of a He-shell double-detonation and suggests a speciﬁc thermonuclear explosion that is physically distinct from SNe that are deﬁned simply by their low luminosities and strong [Ca II] emission.},
	language = {en},
	number = {2},
	urldate = {2022-01-12},
	journal = {\apj},
	author = {Jacobson-Gal\'{a}n, Wynn V. and Polin, Abigail and Foley, Ryan J. and Dimitriadis, Georgios and Kilpatrick, Charles D. and Margutti, Raffaella and Coulter, David A. and Jha, Saurabh W. and Jones, David O. and Kirshner, Robert P. and Pan, Yen-Chen and Piro, Anthony L. and Rest, Armin and Rojas-Bravo, César},
	month = jun,
	year = {2020},
	pages = {165},
	file = {Jacobson-Gal\'{a}n et al. - 2020 - Ca hnk The Calcium-rich Transient Supernova 2016h.pdf:/Users/chang/Zotero/storage/V4CGZ5FN/Jacobson-Gal\'{a}n et al. - 2020 - Ca hnk The Calcium-rich Transient Supernova 2016h.pdf:application/pdf},
}

@article{de_Ca_rich_2020,
	title = {The {Zwicky} {Transient} {Facility} {Census} of the {Local} {Universe}. {I}. {Systematic} {Search} for {Calcium}-rich {Gap} {Transients} {Reveals} {Three} {Related} {Spectroscopic} {Subclasses}},
	volume = {905},
	issn = {1538-4357},
	url = {https://iopscience.iop.org/article/10.3847/1538-4357/abb45c},
	doi = {10.3847/1538-4357/abb45c},
	abstract = {Using the Zwicky Transient Facility alert stream, we are conducting a large spectroscopic campaign to construct a complete, volume-limited sample of transients brighter than 20 mag, and coincident within 100″ of galaxies in the Census of the Local Universe catalog. We describe the experiment design and spectroscopic completeness from the ﬁrst 16 months of operations, which have classiﬁed 754 supernovae. We present results from a systematic search for calcium-rich gap transients in the sample of 22 low-luminosity (peak absolute magnitude M{\textgreater}−17), hydrogen-poor events found in the experiment. We report the detection of eight new events, and constrain their volumetric rate to 15\%±5\% of the SN Ia rate. Combining this sample with 10 previously known events, we ﬁnd a likely continuum of spectroscopic properties ranging from events with SN Ia–like features (Ca-Ia objects) to those with SN Ib/c–like features (Ca-Ib/c objects) at peak light. Within the Ca-Ib/c events, we ﬁnd two populations distinguished by their red (g−r≈1.5 mag) or green (g - r » 0.5 mag) colors at the r-band peak, wherein redder events show strong line blanketing features and slower light curves (similar to Ca-Ia objects), weaker He lines, and lower [Ca II]/[O I] in the nebular phase. We ﬁnd that all together the spectroscopic continuum, volumetric rates, and striking old environments are consistent with the explosive burning of He shells on low-mass white dwarfs. We suggest that Ca-Ia and red Ca-Ib/c objects arise from the double detonation of He shells, while green Ca-Ib/c objects are consistent with low-efﬁciency burning scenarios like detonations in lowdensity shells or deﬂagrations.},
	language = {en},
	number = {1},
	urldate = {2022-01-19},
	journal = {\apj},
	author = {De, Kishalay and Kasliwal, Mansi M. and Tzanidakis, Anastasios and Fremling, U. Christoffer and Adams, Scott and Aloisi, Robert and Andreoni, Igor and Bagdasaryan, Ashot and Bellm, Eric C. and Bildsten, Lars and Cannella, Christopher and Cook, David O. and Delacroix, Alexandre and Drake, Andrew and Duev, Dmitry and Dugas, Alison and Frederick, Sara and Gal-Yam, Avishay and Goldstein, Daniel and Golkhou, V. Zach and Graham, Matthew J. and Hale, David and Hankins, Matthew and Helou, George and Ho, Anna Y. Q. and Irani, Ido and Jencson, Jacob E. and Kaplan, David L. and Kaye, Stephen and Kulkarni, S. R. and Kupfer, Thomas and Laher, Russ R. and Leadbeater, Robin and Lunnan, Ragnhild and Masci, Frank J. and Miller, Adam A. and Neill, James D. and Ofek, Eran O. and Perley, Daniel A. and Polin, Abigail and Prince, Thomas A. and Quataert, Eliot and Reiley, Dan and Riddle, Reed L. and Rusholme, Ben and Sharma, Yashvi and Shupe, David L. and Sollerman, Jesper and Tartaglia, Leonardo and Walters, Richard and Yan, Lin and Yao, Yuhan},
	month = dec,
	year = {2020},
	pages = {58},
	file = {De et al. - 2020 - The Zwicky Transient Facility Census of the Local .pdf:/Users/chang/Zotero/storage/YD89AAAG/De et al. - 2020 - The Zwicky Transient Facility Census of the Local .pdf:application/pdf},
}

@article{galbany_16hnk_2019,
	title = {Evidence for a {Chandrasekhar}-mass explosion in the {Ca}-strong 1991bg-like type {Ia} supernova 2016hnk},
	volume = {630},
	issn = {0004-6361, 1432-0746},
	url = {https://www.aanda.org/10.1051/0004-6361/201935537},
	doi = {10.1051/0004-6361/201935537},
	abstract = {Aims. We present a comprehensive dataset of optical and near-infrared photometry and spectroscopy of type Ia supernova (SN) 2016hnk, combined with integral ﬁeld spectroscopy (IFS) of its host galaxy, MCG -01-06-070, and nearby environment. Our goal with this complete dataset is to understand the nature of this peculiar object.},
	language = {en},
	urldate = {2022-01-24},
	journal = {\aap},
	author = {Galbany, L. and Ashall, C. and Höflich, P. and González-Gaitán, S. and Taubenberger, S. and Stritzinger, M. and Hsiao, E. Y. and Mazzali, P. and Baron, E. and Blondin, S. and Bose, S. and Bulla, M. and Burke, J. F. and Burns, C. R. and Cartier, R. and Chen, P. and Della Valle, M. and Diamond, T. R. and Gutiérrez, C. P. and Harmanen, J. and Hiramatsu, D. and Holoien, T. W.-S. and Hosseinzadeh, G. and Howell, D. Andrew and Huang, Y. and Inserra, C. and de Jaeger, T. and Jha, S. W. and Kangas, T. and Kromer, M. and Lyman, J. D. and Maguire, K. and Marion, G. Howie and Milisavljevic, D. and Prentice, S. J. and Razza, A. and Reynolds, T. M. and Sand, D. J. and Shappee, B. J. and Shekhar, R. and Smartt, S. J. and Stassun, K. G. and Sullivan, M. and Valenti, S. and Villanueva, S. and Wang, X. and Wheeler, J. Craig and Zhai, Q. and Zhang, J.},
	month = oct,
	year = {2019},
	pages = {A76},
	file = {Galbany et al. - 2019 - Evidence for a Chandrasekhar-mass explosion in the.pdf:/Users/chang/Zotero/storage/XYNWAGGK/Galbany et al. - 2019 - Evidence for a Chandrasekhar-mass explosion in the.pdf:application/pdf},
}

@ARTICLE{Gonzalez_19eix_2023,
       author = {{Padilla Gonzalez}, E. and {Howell}, D. Andrew and {Burke}, J. and {Dong}, Yize and {Hiramatsu}, D. and {McCully}, C. and {Pellegrino}, C. and {Kerzendorf}, W. and {Modjaz}, M. and {Terreran}, G. and {Williamson}, M.},
        title = "{Peculiar Spectral Evolution of the Type I Supernova 2019eix: A Possible Double Detonation from a Helium Shell on a Sub-Chandrasekhar-mass White Dwarf}",
      journal = {\apj},
     keywords = {Supernovae, 1668, Astrophysics - High Energy Astrophysical Phenomena, Astrophysics - Solar and Stellar Astrophysics},
         year = 2023,
        month = aug,
       volume = {953},
       number = {1},
          eid = {25},
        pages = {25},
          doi = {10.3847/1538-4357/acdd6a},
archivePrefix = {arXiv},
       eprint = {2305.07708},
 primaryClass = {astro-ph.HE},
       adsurl = {https://ui.adsabs.harvard.edu/abs/2023ApJ...953...25P},
      adsnote = {Provided by the SAO/NASA Astrophysics Data System}
}





@ARTICLE{Kauffmann_SDSS_2003,
       author = {{Kauffmann}, Guinevere and {Heckman}, Timothy M. and {White}, Simon D.~M. and {Charlot}, St{\'e}phane and {Tremonti}, Christy and {Brinchmann}, Jarle and {Bruzual}, Gustavo and {Peng}, Eric W. and {Seibert}, Mark and {Bernardi}, Mariangela and {Blanton}, Michael and {Brinkmann}, Jon and {Castander}, Francisco and {Cs{\'a}bai}, Istvan and {Fukugita}, Masataka and {Ivezic}, Zeljko and {Munn}, Jeffrey A. and {Nichol}, Robert C. and {Padmanabhan}, Nikhil and {Thakar}, Aniruddha R. and {Weinberg}, David H. and {York}, Donald},
        title = "{Stellar masses and star formation histories for {}10$^{5}$ galaxies from the Sloan Digital Sky Survey}",
      journal = {\mnras},
     keywords = {galaxies: evolution, galaxies: formation, galaxies: stellar content, Astrophysics},
         year = 2003,
        month = may,
       volume = {341},
       number = {1},
        pages = {33-53},
          doi = {10.1046/j.1365-8711.2003.06291.x},
archivePrefix = {arXiv},
       eprint = {astro-ph/0204055},
 primaryClass = {astro-ph},
       adsurl = {https://ui.adsabs.harvard.edu/abs/2003MNRAS.341...33K},
      adsnote = {Provided by the SAO/NASA Astrophysics Data System}
}


@ARTICLE{Brinchmann_SDSS_2004,
       author = {{Brinchmann}, J. and {Charlot}, S. and {White}, S.~D.~M. and {Tremonti}, C. and {Kauffmann}, G. and {Heckman}, T. and {Brinkmann}, J.},
        title = "{The physical properties of star-forming galaxies in the low-redshift Universe}",
      journal = {\mnras},
     keywords = {surveys, galaxies: abundances, galaxies: evolution, galaxies: fundamental parameters, galaxies: general, Astrophysics},
         year = 2004,
        month = jul,
       volume = {351},
       number = {4},
        pages = {1151-1179},
          doi = {10.1111/j.1365-2966.2004.07881.x},
archivePrefix = {arXiv},
       eprint = {astro-ph/0311060},
 primaryClass = {astro-ph},
       adsurl = {https://ui.adsabs.harvard.edu/abs/2004MNRAS.351.1151B},
      adsnote = {Provided by the SAO/NASA Astrophysics Data System}
}

@ARTICLE{Shen_DD_2014,
       author = {{Shen}, Ken J. and {Moore}, Kevin},
        title = "{The Initiation and Propagation of Helium Detonations in White Dwarf Envelopes}",
      journal = {\apj},
     keywords = {binaries: close, nuclear reactions, nucleosynthesis, abundances, supernovae: general, white dwarfs, Astrophysics - High Energy Astrophysical Phenomena, Astrophysics - Solar and Stellar Astrophysics},
         year = 2014,
        month = dec,
       volume = {797},
       number = {1},
          eid = {46},
        pages = {46},
          doi = {10.1088/0004-637X/797/1/46},
archivePrefix = {arXiv},
       eprint = {1409.3568},
 primaryClass = {astro-ph.HE},
       adsurl = {https://ui.adsabs.harvard.edu/abs/2014ApJ...797...46S},
      adsnote = {Provided by the SAO/NASA Astrophysics Data System}
}

@ARTICLE{Nugent_11fe_2011,
       author = {{Nugent}, Peter E. and {Sullivan}, Mark and {Cenko}, S. Bradley and {Thomas}, Rollin C. and {Kasen}, Daniel and {Howell}, D. Andrew and {Bersier}, David and {Bloom}, Joshua S. and {Kulkarni}, S.~R. and {Kandrashoff}, Michael T. and {Filippenko}, Alexei V. and {Silverman}, Jeffrey M. and {Marcy}, Geoffrey W. and {Howard}, Andrew W. and {Isaacson}, Howard T. and {Maguire}, Kate and {Suzuki}, Nao and {Tarlton}, James E. and {Pan}, Yen-Chen and {Bildsten}, Lars and {Fulton}, Benjamin J. and {Parrent}, Jerod T. and {Sand}, David and {Podsiadlowski}, Philipp and {Bianco}, Federica B. and {Dilday}, Benjamin and {Graham}, Melissa L. and {Lyman}, Joe and {James}, Phil and {Kasliwal}, Mansi M. and {Law}, Nicholas M. and {Quimby}, Robert M. and {Hook}, Isobel M. and {Walker}, Emma S. and {Mazzali}, Paolo and {Pian}, Elena and {Ofek}, Eran O. and {Gal-Yam}, Avishay and {Poznanski}, Dovi},
        title = "{Supernova SN 2011fe from an exploding carbon-oxygen white dwarf star}",
      journal = {\nat},
     keywords = {Astrophysics - Cosmology and Nongalactic Astrophysics, Astrophysics - Solar and Stellar Astrophysics},
         year = 2011,
        month = dec,
       volume = {480},
       number = {7377},
        pages = {344-347},
          doi = {10.1038/nature10644},
archivePrefix = {arXiv},
       eprint = {1110.6201},
 primaryClass = {astro-ph.CO},
       adsurl = {https://ui.adsabs.harvard.edu/abs/2011Natur.480..344N},
      adsnote = {Provided by the SAO/NASA Astrophysics Data System}
}



@ARTICLE{Shen_DD_2018,
       author = {{Shen}, Ken J. and {Kasen}, Daniel and {Miles}, Broxton J. and {Townsley}, Dean M.},
        title = "{Sub-Chandrasekhar-mass White Dwarf Detonations Revisited}",
      journal = {\apj},
     keywords = {binaries: close, nuclear reactions, nucleosynthesis, abundances, radiative transfer, supernovae: general, white dwarfs, Astrophysics - High Energy Astrophysical Phenomena, Astrophysics - Solar and Stellar Astrophysics},
         year = 2018,
        month = feb,
       volume = {854},
       number = {1},
          eid = {52},
        pages = {52},
          doi = {10.3847/1538-4357/aaa8de},
archivePrefix = {arXiv},
       eprint = {1706.01898},
 primaryClass = {astro-ph.HE},
       adsurl = {https://ui.adsabs.harvard.edu/abs/2018ApJ...854...52S},
      adsnote = {Provided by the SAO/NASA Astrophysics Data System}
}


@ARTICLE{Kromer_DD_2010,
       author = {{Kromer}, M. and {Sim}, S.~A. and {Fink}, M. and {R{\"o}pke}, F.~K. and {Seitenzahl}, I.~R. and {Hillebrandt}, W.},
        title = "{Double-detonation Sub-Chandrasekhar Supernovae: Synthetic Observables for Minimum Helium Shell Mass Models}",
      journal = {\apj},
     keywords = {methods: numerical, radiative transfer, supernovae: general, Astrophysics - High Energy Astrophysical Phenomena},
         year = 2010,
        month = aug,
       volume = {719},
       number = {2},
        pages = {1067-1082},
          doi = {10.1088/0004-637X/719/2/1067},
archivePrefix = {arXiv},
       eprint = {1006.4489},
 primaryClass = {astro-ph.HE},
       adsurl = {https://ui.adsabs.harvard.edu/abs/2010ApJ...719.1067K},
      adsnote = {Provided by the SAO/NASA Astrophysics Data System}
}

@ARTICLE{Fink_DD_2010,
       author = {{Fink}, M. and {R{\"o}pke}, F.~K. and {Hillebrandt}, W. and {Seitenzahl}, I.~R. and {Sim}, S.~A. and {Kromer}, M.},
        title = "{Double-detonation sub-Chandrasekhar supernovae: can minimum helium shell masses detonate the core?}",
      journal = {\aap},
     keywords = {supernovae: general, nuclear reactions, nucleosynthesis, abundances, hydrodynamics, methods: numerical, Astrophysics - Solar and Stellar Astrophysics},
         year = 2010,
        month = may,
       volume = {514},
          eid = {A53},
        pages = {A53},
          doi = {10.1051/0004-6361/200913892},
archivePrefix = {arXiv},
       eprint = {1002.2173},
 primaryClass = {astro-ph.SR},
       adsurl = {https://ui.adsabs.harvard.edu/abs/2010A&A...514A..53F},
      adsnote = {Provided by the SAO/NASA Astrophysics Data System}
}



@ARTICLE{BPT_1981,
       author = {{Baldwin}, J.~A. and {Phillips}, M.~M. and {Terlevich}, R.},
        title = "{Classification parameters for the emission-line spectra of extragalactic objects.}",
      journal = {\pasp},
     keywords = {Astronomical Spectroscopy, Emission Spectra, Line Spectra, Quasars, Seyfert Galaxies, Classifications, H Ii Regions, Photoionization, Planetary Nebulae, Shock Heating, Astrophysics},
         year = 1981,
        month = feb,
       volume = {93},
        pages = {5-19},
          doi = {10.1086/130766},
       adsurl = {https://ui.adsabs.harvard.edu/abs/1981PASP...93....5B},
      adsnote = {Provided by the SAO/NASA Astrophysics Data System}
}

@ARTICLE{Veilleux_1987,
       author = {{Veilleux}, Sylvain and {Osterbrock}, Donald E.},
        title = "{Spectral Classification of Emission-Line Galaxies}",
      journal = {\apjs},
     keywords = {Emission Spectra, Seyfert Galaxies, Spectral Line Width, Spectrum Analysis, Active Galaxies, Astronomical Models, Astronomical Spectroscopy, H Ii Regions, Hot Stars, Interstellar Extinction, Photoionization, Star Formation, Astrophysics, GALAXIES: SEYFERT},
         year = 1987,
        month = feb,
       volume = {63},
        pages = {295},
          doi = {10.1086/191166},
       adsurl = {https://ui.adsabs.harvard.edu/abs/1987ApJS...63..295V},
      adsnote = {Provided by the SAO/NASA Astrophysics Data System}
}


@ARTICLE{Galbany_PISCO_2018,
       author = {{Galbany}, L. and {Anderson}, J.~P. and {S{\'a}nchez}, S.~F. and {Kuncarayakti}, H. and {Pedraz}, S. and {Gonz{\'a}lez-Gait{\'a}n}, S. and {Stanishev}, V. and {Dom{\'\i}nguez}, I. and {Moreno-Raya}, M.~E. and {Wood-Vasey}, W.~M. and {Mour{\~a}o}, A.~M. and {Ponder}, K.~A. and {Badenes}, C. and {Moll{\'a}}, M. and {L{\'o}pez-S{\'a}nchez}, A.~R. and {Rosales-Ortega}, F.~F. and {V{\'\i}lchez}, J.~M. and {Garc{\'\i}a-Benito}, R. and {Marino}, R.~A.},
        title = "{PISCO: The PMAS/PPak Integral-field Supernova Hosts Compilation}",
      journal = {\apj},
     keywords = {H ii regions, supernovae: general, techniques: spectroscopic, Astrophysics - Astrophysics of Galaxies, Astrophysics - High Energy Astrophysical Phenomena, Astrophysics - Solar and Stellar Astrophysics},
         year = 2018,
        month = mar,
       volume = {855},
       number = {2},
          eid = {107},
        pages = {107},
          doi = {10.3847/1538-4357/aaaf20},
archivePrefix = {arXiv},
       eprint = {1802.01589},
 primaryClass = {astro-ph.GA},
       adsurl = {https://ui.adsabs.harvard.edu/abs/2018ApJ...855..107G},
      adsnote = {Provided by the SAO/NASA Astrophysics Data System}
}

@ARTICLE{Fremling_report_2020,
       author = {{Fremling}, C.},
        title = "{ZTF Transient Discovery Report for 2020-05-06}",
      journal = {Transient Name Server Discovery Report},
     keywords = {Transient, 2020jgb, AT2020jgb, AT 2020jgb, ZTF20aayhacx},
         year = 2020,
        month = may,
       volume = {2020-1247},
        pages = {1},
       adsurl = {https://ui.adsabs.harvard.edu/abs/2020TNSTR1247....1F},
      adsnote = {Provided by the SAO/NASA Astrophysics Data System}
}

@ARTICLE{Zackay_imagesub_2016,
       author = {{Zackay}, Barak and {Ofek}, Eran O. and {Gal-Yam}, Avishay},
        title = "{Proper Image Subtraction{\textemdash}Optimal Transient Detection, Photometry, and Hypothesis Testing}",
      journal = {\apj},
     keywords = {gravitational lensing: micro, methods: data analysis, methods: statistical, surveys, techniques: image processing, techniques: photometric, Astrophysics - Instrumentation and Methods for Astrophysics},
         year = 2016,
        month = oct,
       volume = {830},
       number = {1},
          eid = {27},
        pages = {27},
          doi = {10.3847/0004-637X/830/1/27},
archivePrefix = {arXiv},
       eprint = {1601.02655},
 primaryClass = {astro-ph.IM},
       adsurl = {https://ui.adsabs.harvard.edu/abs/2016ApJ...830...27Z},
      adsnote = {Provided by the SAO/NASA Astrophysics Data System}
}

@ARTICLE{Poznanski_2011,
       author = {{Poznanski}, Dovi and {Ganeshalingam}, Mohan and {Silverman}, Jeffrey M. and {Filippenko}, Alexei V.},
        title = "{Low-resolution sodium D absorption is a bad proxy for extinction}",
      journal = {\mnras},
     keywords = {supernovae: general, dust, extinction, galaxies: ISM, Astrophysics - Cosmology and Nongalactic Astrophysics},
         year = 2011,
        month = jul,
       volume = {415},
       number = {1},
        pages = {L81-L84},
          doi = {10.1111/j.1745-3933.2011.01084.x},
archivePrefix = {arXiv},
       eprint = {1106.1469},
 primaryClass = {astro-ph.CO},
       adsurl = {https://ui.adsabs.harvard.edu/abs/2011MNRAS.415L..81P},
      adsnote = {Provided by the SAO/NASA Astrophysics Data System}
}

@ARTICLE{Matheson_2000,
       author = {{Matheson}, Thomas and {Filippenko}, Alexei V. and {Barth}, Aaron J. and {Ho}, Luis C. and {Leonard}, Douglas C. and {Bershady}, Matthew A. and {Davis}, Marc and {Finley}, David S. and {Fisher}, David and {Gonz{\'a}lez}, Rosa A. and {Hawley}, Suzanne L. and {Koo}, David C. and {Li}, Weidong and {Lonsdale}, Carol J. and {Schlegel}, David and {Smith}, Harding E. and {Spinrad}, Hyron and {Wirth}, Gregory D.},
        title = "{Optical Spectroscopy of Supernova 1993J During Its First 2500 Days}",
      journal = {\aj},
     keywords = {Stars: Binaries: Close, Stars: Evolution, Stars: Mass Loss, Stars: Supernovae: General, supernovae: individual (SN 1993J), Astrophysics},
         year = 2000,
        month = sep,
       volume = {120},
       number = {3},
        pages = {1487-1498},
          doi = {10.1086/301518},
archivePrefix = {arXiv},
       eprint = {astro-ph/0006263},
 primaryClass = {astro-ph},
       adsurl = {https://ui.adsabs.harvard.edu/abs/2000AJ....120.1487M},
      adsnote = {Provided by the SAO/NASA Astrophysics Data System}
}

@ARTICLE{Maguire_2014,
       author = {{Maguire}, K. and {Sullivan}, M. and {Pan}, Y. -C. and {Gal-Yam}, A. and {Hook}, I.~M. and {Howell}, D.~A. and {Nugent}, P.~E. and {Mazzali}, P. and {Chotard}, N. and {Clubb}, K.~I. and {Filippenko}, A.~V. and {Kasliwal}, M.~M. and {Kandrashoff}, M.~T. and {Poznanski}, D. and {Saunders}, C.~M. and {Silverman}, J.~M. and {Walker}, E. and {Xu}, D.},
        title = "{Exploring the spectral diversity of low-redshift Type Ia supernovae using the Palomar Transient Factory}",
      journal = {\mnras},
     keywords = {supernovae: general, galaxies: general, distance scale, Astrophysics - High Energy Astrophysical Phenomena, Astrophysics - Cosmology and Nongalactic Astrophysics, Astrophysics - Solar and Stellar Astrophysics},
         year = 2014,
        month = nov,
       volume = {444},
       number = {4},
        pages = {3258-3274},
          doi = {10.1093/mnras/stu1607},
archivePrefix = {arXiv},
       eprint = {1408.1430},
 primaryClass = {astro-ph.HE},
       adsurl = {https://ui.adsabs.harvard.edu/abs/2014MNRAS.444.3258M},
      adsnote = {Provided by the SAO/NASA Astrophysics Data System}
}

@ARTICLE{Silverman_HVF_2015,
       author = {{Silverman}, Jeffrey M. and {Vink{\'o}}, J{\'o}zsef and {Marion}, G.~H. and {Wheeler}, J. Craig and {Barna}, Barnab{\'a}s and {Szalai}, Tam{\'a}s and {Mulligan}, Brian W. and {Filippenko}, Alexei V.},
        title = "{High-velocity features of calcium and silicon in the spectra of Type Ia supernovae}",
      journal = {\mnras},
     keywords = {methods: data analysis, techniques: spectroscopic, supernovae: general, Astrophysics - High Energy Astrophysical Phenomena, Astrophysics - Cosmology and Nongalactic Astrophysics},
         year = 2015,
        month = aug,
       volume = {451},
       number = {2},
        pages = {1973-2014},
          doi = {10.1093/mnras/stv1011},
archivePrefix = {arXiv},
       eprint = {1502.07278},
 primaryClass = {astro-ph.HE},
       adsurl = {https://ui.adsabs.harvard.edu/abs/2015MNRAS.451.1973S},
      adsnote = {Provided by the SAO/NASA Astrophysics Data System}
}

@ARTICLE{Sullivan_2006,
       author = {{Sullivan}, M. and {Le Borgne}, D. and {Pritchet}, C.~J. and {Hodsman}, A. and {Neill}, J.~D. and {Howell}, D.~A. and {Carlberg}, R.~G. and {Astier}, P. and {Aubourg}, E. and {Balam}, D. and {Basa}, S. and {Conley}, A. and {Fabbro}, S. and {Fouchez}, D. and {Guy}, J. and {Hook}, I. and {Pain}, R. and {Palanque-Delabrouille}, N. and {Perrett}, K. and {Regnault}, N. and {Rich}, J. and {Taillet}, R. and {Baumont}, S. and {Bronder}, J. and {Ellis}, R.~S. and {Filiol}, M. and {Lusset}, V. and {Perlmutter}, S. and {Ripoche}, P. and {Tao}, C.},
        title = "{Rates and Properties of Type Ia Supernovae as a Function of Mass and Star Formation in Their Host Galaxies}",
      journal = {\apj},
     keywords = {Cosmology: Distance Scale, Galaxies: Evolution, Stars: Supernovae: General, Surveys, Astrophysics},
         year = 2006,
        month = sep,
       volume = {648},
       number = {2},
        pages = {868-883},
          doi = {10.1086/506137},
archivePrefix = {arXiv},
       eprint = {astro-ph/0605455},
 primaryClass = {astro-ph},
       adsurl = {https://ui.adsabs.harvard.edu/abs/2006ApJ...648..868S},
      adsnote = {Provided by the SAO/NASA Astrophysics Data System}
}

@ARTICLE{Smith_2012,
       author = {{Smith}, Mathew and {Nichol}, Robert C. and {Dilday}, Benjamin and {Marriner}, John and {Kessler}, Richard and {Bassett}, Bruce and {Cinabro}, David and {Frieman}, Joshua and {Garnavich}, Peter and {Jha}, Saurabh W. and {Lampeitl}, Hubert and {Sako}, Masao and {Schneider}, Donald P. and {Sollerman}, Jesper},
        title = "{The SDSS-II Supernova Survey: Parameterizing the Type Ia Supernova Rate as a Function of Host Galaxy Properties}",
      journal = {\apj},
     keywords = {cosmology: observations, distance scale, galaxies: evolution, supernovae: general, Astrophysics - Cosmology and Nongalactic Astrophysics},
         year = 2012,
        month = aug,
       volume = {755},
       number = {1},
          eid = {61},
        pages = {61},
          doi = {10.1088/0004-637X/755/1/61},
archivePrefix = {arXiv},
       eprint = {1108.4923},
 primaryClass = {astro-ph.CO},
       adsurl = {https://ui.adsabs.harvard.edu/abs/2012ApJ...755...61S},
      adsnote = {Provided by the SAO/NASA Astrophysics Data System}
}

@ARTICLE{Jha_2019,
       author = {{Jha}, Saurabh W. and {Maguire}, Kate and {Sullivan}, Mark},
        title = "{Observational properties of thermonuclear supernovae}",
      journal = {Nature Astronomy},
     keywords = {Astrophysics - High Energy Astrophysical Phenomena, Astrophysics - Solar and Stellar Astrophysics},
         year = 2019,
        month = aug,
       volume = {3},
        pages = {706-716},
          doi = {10.1038/s41550-019-0858-0},
archivePrefix = {arXiv},
       eprint = {1908.02303},
 primaryClass = {astro-ph.HE},
       adsurl = {https://ui.adsabs.harvard.edu/abs/2019NatAs...3..706J},
      adsnote = {Provided by the SAO/NASA Astrophysics Data System}
}

@ARTICLE{Ni_2022,
       author = {{Ni}, Yuan Qi and {Moon}, Dae-Sik and {Drout}, Maria R. and {Polin}, Abigail and {Sand}, David J. and {Gonz{\'a}lez-Gait{\'a}n}, Santiago and {Kim}, Sang Chul and {Lee}, Youngdae and {Park}, Hong Soo and {Howell}, D. Andrew and {Nugent}, Peter E. and {Piro}, Anthony L. and {Brown}, Peter J. and {Galbany}, Llu{\'\i}s and {Burke}, Jamison and {Hiramatsu}, Daichi and {Hosseinzadeh}, Griffin and {Valenti}, Stefano and {Afsariardchi}, Niloufar and {Andrews}, Jennifer E. and {Antoniadis}, John and {Arcavi}, Iair and {Beaton}, Rachael L. and {Bostroem}, K. Azalee and {Carlberg}, Raymond G. and {Cenko}, S. Bradley and {Cha}, Sang-Mok and {Dong}, Yize and {Gal-Yam}, Avishay and {Haislip}, Joshua and {Holoien}, Thomas W. -S. and {Johnson}, Sean D. and {Kouprianov}, Vladimir and {Lee}, Yongseok and {Matzner}, Christopher D. and {Morrell}, Nidia and {McCully}, Curtis and {Pignata}, Giuliano and {Reichart}, Daniel E. and {Rich}, Jeffrey and {Ryder}, Stuart D. and {Smith}, Nathan and {Wyatt}, Samuel and {Yang}, Sheng},
        title = "{Infant-phase reddening by surface Fe-peak elements in a normal type Ia supernova}",
      journal = {Nature Astronomy},
     keywords = {Astrophysics - High Energy Astrophysical Phenomena, Astrophysics - Solar and Stellar Astrophysics},
         year = 2022,
        month = feb,
       volume = {6},
        pages = {568-576},
          doi = {10.1038/s41550-022-01603-4},
archivePrefix = {arXiv},
       eprint = {2202.08889},
 primaryClass = {astro-ph.HE},
       adsurl = {https://ui.adsabs.harvard.edu/abs/2022NatAs...6..568N},
      adsnote = {Provided by the SAO/NASA Astrophysics Data System}
}

 @ARTICLE{Dong_16dsg_2022,
       author = {{Dong}, Yize and {Valenti}, Stefano and {Polin}, Abigail and {Boyle}, Aoife and {Fl{\"o}rs}, Andreas and {Vogl}, Christian and {Kerzendorf}, Wolfgang E. and {Sand}, David J. and {Jha}, Saurabh W. and {Wyrzykowski}, {\L}ukasz and {Bostroem}, K. Azalee and {Pearson}, Jeniveve and {McCully}, Curtis and {Andrews}, Jennifer E. and {Benetti}, Stefano and {Blondin}, St{\'e}phane and {Galbany}, L. and {Gromadzki}, Mariusz and {Hosseinzadeh}, Griffin and {Howell}, D. Andrew and {Inserra}, Cosimo and {Jencson}, Jacob E. and {Lundquist}, Michael and {Lyman}, J.~D. and {Magee}, Mark and {Maguire}, Kate and {Meza}, Nicolas and {Srivastav}, Shubham and {Taubenberger}, Stefan and {Terwel}, J.~H. and {Wyatt}, Samuel and {Young}, D.~R.},
        title = "{SN 2016dsg: A Thermonuclear Explosion Involving a Thick Helium Shell}",
      journal = {\apj},
     keywords = {Supernovae, Type Ia supernovae, 1668, 1728, Astrophysics - Solar and Stellar Astrophysics, Astrophysics - High Energy Astrophysical Phenomena},
         year = 2022,
        month = aug,
       volume = {934},
       number = {2},
          eid = {102},
        pages = {102},
          doi = {10.3847/1538-4357/ac75eb},
archivePrefix = {arXiv},
       eprint = {2206.07065},
 primaryClass = {astro-ph.SR},
       adsurl = {https://ui.adsabs.harvard.edu/abs/2022ApJ...934..102D},
      adsnote = {Provided by the SAO/NASA Astrophysics Data System}
}



@ARTICLE{Inserra_OGLE13_079_2015,
       author = {{Inserra}, C. and {Sim}, S.~A. and {Wyrzykowski}, L. and {Smartt}, S.~J. and {Fraser}, M. and {Nicholl}, M. and {Shen}, K.~J. and {Jerkstrand}, A. and {Gal-Yam}, A. and {Howell}, D.~A. and {Maguire}, K. and {Mazzali}, P. and {Valenti}, S. and {Taubenberger}, S. and {Benitez-Herrera}, S. and {Bersier}, D. and {Blagorodnova}, N. and {Campbell}, H. and {Chen}, T. -W. and {Elias-Rosa}, N. and {Hillebrandt}, W. and {Kostrzewa-Rutkowska}, Z. and {Koz{\l}owski}, S. and {Kromer}, M. and {Lyman}, J.~D. and {Polshaw}, J. and {R{\"o}pke}, F.~K. and {Ruiter}, A.~J. and {Smith}, K. and {Spiro}, S. and {Sullivan}, M. and {Yaron}, O. and {Young}, D. and {Yuan}, F.},
        title = "{OGLE-2013-SN-079: A Lonely Supernova Consistent with a Helium Shell Detonation}",
      journal = {\apjl},
     keywords = {supernovae: general, supernovae: individual: OGLE-2013-SN-079, surveys, white dwarfs, Astrophysics - Solar and Stellar Astrophysics},
         year = 2015,
        month = jan,
       volume = {799},
       number = {1},
          eid = {L2},
        pages = {L2},
          doi = {10.1088/2041-8205/799/1/L2},
archivePrefix = {arXiv},
       eprint = {1410.6473},
 primaryClass = {astro-ph.SR},
       adsurl = {https://ui.adsabs.harvard.edu/abs/2015ApJ...799L...2I},
      adsnote = {Provided by the SAO/NASA Astrophysics Data System}
}

@ARTICLE{Dessart_2015,
       author = {{Dessart}, Luc and {Hillier}, D. John},
        title = "{One-dimensional non-LTE time-dependent radiative transfer of an He-detonation model and the connection to faint and fast-decaying supernovae}",
      journal = {\mnras},
     keywords = {radiative transfer, supernovae: general, supernovae: individual: SN 2005E, supernovae: individual: PTF09dav, supernovae: individual: PTF10iuv, supernovae: individual: OGLE-2013-SN-079, Astrophysics - Solar and Stellar Astrophysics, Astrophysics - High Energy Astrophysical Phenomena},
         year = 2015,
        month = feb,
       volume = {447},
       number = {2},
        pages = {1370-1382},
          doi = {10.1093/mnras/stu2520},
archivePrefix = {arXiv},
       eprint = {1411.7397},
 primaryClass = {astro-ph.SR},
       adsurl = {https://ui.adsabs.harvard.edu/abs/2015MNRAS.447.1370D},
      adsnote = {Provided by the SAO/NASA Astrophysics Data System}
}

@ARTICLE{Sim_2012,
       author = {{Sim}, S.~A. and {Fink}, M. and {Kromer}, M. and {R{\"o}pke}, F.~K. and {Ruiter}, A.~J. and {Hillebrandt}, W.},
        title = "{2D simulations of the double-detonation model for thermonuclear transients from low-mass carbon-oxygen white dwarfs}",
      journal = {\mnras},
     keywords = {hydrodynamics, radiative transfer, methods: numerical, binaries: close, supernovae: general, white dwarfs, Astrophysics - High Energy Astrophysical Phenomena},
         year = 2012,
        month = mar,
       volume = {420},
       number = {4},
        pages = {3003-3016},
          doi = {10.1111/j.1365-2966.2011.20162.x},
archivePrefix = {arXiv},
       eprint = {1111.2117},
 primaryClass = {astro-ph.HE},
       adsurl = {https://ui.adsabs.harvard.edu/abs/2012MNRAS.420.3003S},
      adsnote = {Provided by the SAO/NASA Astrophysics Data System}
}

@ARTICLE{Gronow_2020,
       author = {{Gronow}, Sabrina and {Collins}, Christine and {Ohlmann}, Sebastian T. and {Pakmor}, R{\"u}diger and {Kromer}, Markus and {Seitenzahl}, Ivo R. and {Sim}, Stuart A. and {R{\"o}pke}, Friedrich K.},
        title = "{SNe Ia from double detonations: Impact of core-shell mixing on the carbon ignition mechanism}",
      journal = {\aap},
     keywords = {hydrodynamics, methods: numerical, nuclear reactions, nucleosynthesis, abundances, radiative transfer, supernovae: general, white dwarfs, Astrophysics - Solar and Stellar Astrophysics},
         year = 2020,
        month = mar,
       volume = {635},
          eid = {A169},
        pages = {A169},
          doi = {10.1051/0004-6361/201936494},
archivePrefix = {arXiv},
       eprint = {2002.00981},
 primaryClass = {astro-ph.SR},
       adsurl = {https://ui.adsabs.harvard.edu/abs/2020A&A...635A.169G},
      adsnote = {Provided by the SAO/NASA Astrophysics Data System}
}

@ARTICLE{Shen_2D_2021,
       author = {{Shen}, Ken J. and {Boos}, Samuel J. and {Townsley}, Dean M. and {Kasen}, Daniel},
        title = "{Multidimensional Radiative Transfer Calculations of Double Detonations of Sub-Chandrasekhar-mass White Dwarfs}",
      journal = {\apj},
     keywords = {1799, 1967, 1728, Astrophysics - Solar and Stellar Astrophysics, Astrophysics - High Energy Astrophysical Phenomena},
         year = 2021,
        month = nov,
       volume = {922},
       number = {1},
          eid = {68},
        pages = {68},
          doi = {10.3847/1538-4357/ac2304},
archivePrefix = {arXiv},
       eprint = {2108.12435},
 primaryClass = {astro-ph.SR},
       adsurl = {https://ui.adsabs.harvard.edu/abs/2021ApJ...922...68S},
      adsnote = {Provided by the SAO/NASA Astrophysics Data System}
}

@ARTICLE{Shen_NLTE_2021,
       author = {{Shen}, Ken J. and {Blondin}, St{\'e}phane and {Kasen}, Daniel and {Dessart}, Luc and {Townsley}, Dean M. and {Boos}, Samuel and {Hillier}, D. John},
        title = "{Non-local Thermodynamic Equilibrium Radiative Transfer Simulations of Sub-Chandrasekhar-mass White Dwarf Detonations}",
      journal = {\apjl},
     keywords = {Type Ia supernovae, Supernovae, White dwarf stars, Radiative transfer, 1728, 1668, 1799, 1335, Astrophysics - High Energy Astrophysical Phenomena, Astrophysics - Solar and Stellar Astrophysics},
         year = 2021,
        month = mar,
       volume = {909},
       number = {2},
          eid = {L18},
        pages = {L18},
          doi = {10.3847/2041-8213/abe69b},
archivePrefix = {arXiv},
       eprint = {2102.08238},
 primaryClass = {astro-ph.HE},
       adsurl = {https://ui.adsabs.harvard.edu/abs/2021ApJ...909L..18S},
      adsnote = {Provided by the SAO/NASA Astrophysics Data System}
}

@ARTICLE{Foley_2015,
       author = {{Foley}, Ryan J.},
        title = "{Kinematics and host-galaxy properties suggest a nuclear origin for calcium-rich supernova progenitors}",
      journal = {\mnras},
     keywords = {supernovae: general, supernovae: individual: SN 2000ds, SN 2001co, SN 2003H, SN 2003dg, SN 2003dr, SN 2005E, SN 2005cz, SN 2007ke, SN 2010et, SN 2012hn, PTF09dav, PTF11bij, PTF11kmb, galaxies: individual: 2MASS J22465295+2138221, CGCG 170-011, IC 3956, NGC 1032, NGC 1129, NGC 2207, NGC 2272, NGC 2768, NGC 4589, NGC 5559, NGC 5714, NGC 7265, UGC 6934, Astrophysics - High Energy Astrophysical Phenomena, Astrophysics - Cosmology and Nongalactic Astrophysics, Astrophysics - Astrophysics of Galaxies, Astrophysics - Solar and Stellar Astrophysics},
         year = 2015,
        month = sep,
       volume = {452},
       number = {3},
        pages = {2463-2478},
          doi = {10.1093/mnras/stv789},
archivePrefix = {arXiv},
       eprint = {1501.07607},
 primaryClass = {astro-ph.HE},
       adsurl = {https://ui.adsabs.harvard.edu/abs/2015MNRAS.452.2463F},
      adsnote = {Provided by the SAO/NASA Astrophysics Data System}
}

@ARTICLE{Shen_2019,
       author = {{Shen}, Ken J. and {Quataert}, Eliot and {Pakmor}, R{\"u}diger},
        title = "{The Progenitors of Calcium-strong Transients}",
      journal = {\apj},
     keywords = {Binary stars, White dwarf stars, Supernovae, 154, 1799, 1668, Astrophysics - High Energy Astrophysical Phenomena, Astrophysics - Astrophysics of Galaxies, Astrophysics - Solar and Stellar Astrophysics},
         year = 2019,
        month = dec,
       volume = {887},
       number = {2},
          eid = {180},
        pages = {180},
          doi = {10.3847/1538-4357/ab5370},
archivePrefix = {arXiv},
       eprint = {1908.08056},
 primaryClass = {astro-ph.HE},
       adsurl = {https://ui.adsabs.harvard.edu/abs/2019ApJ...887..180S},
      adsnote = {Provided by the SAO/NASA Astrophysics Data System}
}

@ARTICLE{Lunnan_2017,
       author = {{Lunnan}, R. and {Kasliwal}, M.~M. and {Cao}, Y. and {Hangard}, L. and {Yaron}, O. and {Parrent}, J.~T. and {McCully}, C. and {Gal-Yam}, A. and {Mulchaey}, J.~S. and {Ben-Ami}, S. and {Filippenko}, A.~V. and {Fremling}, C. and {Fruchter}, A.~S. and {Howell}, D.~A. and {Koda}, J. and {Kupfer}, T. and {Kulkarni}, S.~R. and {Laher}, R. and {Masci}, F. and {Nugent}, P.~E. and {Ofek}, E.~O. and {Yagi}, M. and {Yan}, Lin},
        title = "{Two New Calcium-rich Gap Transients in Group and Cluster Environments}",
      journal = {\apj},
     keywords = {supernovae: general, supernovae: individual: PTF11kmb, PTF12bho, PTF10hcw, SN 2005E, Astrophysics - High Energy Astrophysical Phenomena},
         year = 2017,
        month = feb,
       volume = {836},
       number = {1},
          eid = {60},
        pages = {60},
          doi = {10.3847/1538-4357/836/1/60},
archivePrefix = {arXiv},
       eprint = {1612.00454},
 primaryClass = {astro-ph.HE},
       adsurl = {https://ui.adsabs.harvard.edu/abs/2017ApJ...836...60L},
      adsnote = {Provided by the SAO/NASA Astrophysics Data System}
}

@ARTICLE{Geier_2013,
       author = {{Geier}, S. and {Marsh}, T.~R. and {Wang}, B. and {Dunlap}, B. and {Barlow}, B.~N. and {Schaffenroth}, V. and {Chen}, X. and {Irrgang}, A. and {Maxted}, P.~F.~L. and {Ziegerer}, E. and {Kupfer}, T. and {Miszalski}, B. and {Heber}, U. and {Han}, Z. and {Shporer}, A. and {Telting}, J.~H. and {G{\"a}nsicke}, B.~T. and {{\O}stensen}, R.~H. and {O'Toole}, S.~J. and {Napiwotzki}, R.},
        title = "{A progenitor binary and an ejected mass donor remnant of faint type Ia supernovae}",
      journal = {\aap},
     keywords = {binaries: spectroscopic, subdwarfs, supernovae: general, Astrophysics - Solar and Stellar Astrophysics},
         year = 2013,
        month = jun,
       volume = {554},
          eid = {A54},
        pages = {A54},
          doi = {10.1051/0004-6361/201321395},
archivePrefix = {arXiv},
       eprint = {1304.4452},
 primaryClass = {astro-ph.SR},
       adsurl = {https://ui.adsabs.harvard.edu/abs/2013A&A...554A..54G},
      adsnote = {Provided by the SAO/NASA Astrophysics Data System}
}

@ARTICLE{Kupfer_2022,
       author = {{Kupfer}, Thomas and {Bauer}, Evan B. and {van Roestel}, Jan and {Bellm}, Eric C. and {Bildsten}, Lars and {Fuller}, Jim and {Prince}, Thomas A. and {Heber}, Ulrich and {Geier}, Stephan and {Green}, Matthew J. and {Kulkarni}, Shrinivas R. and {Bloemen}, Steven and {Laher}, Russ R. and {Rusholme}, Ben and {Schneider}, David},
        title = "{Discovery of a Double-detonation Thermonuclear Supernova Progenitor}",
      journal = {\apjl},
     keywords = {129, 254, 1799, 444, Astrophysics - Solar and Stellar Astrophysics},
         year = 2022,
        month = feb,
       volume = {925},
       number = {2},
          eid = {L12},
        pages = {L12},
          doi = {10.3847/2041-8213/ac48f1},
archivePrefix = {arXiv},
       eprint = {2110.11974},
 primaryClass = {astro-ph.SR},
       adsurl = {https://ui.adsabs.harvard.edu/abs/2022ApJ...925L..12K},
      adsnote = {Provided by the SAO/NASA Astrophysics Data System}
}

@ARTICLE{Sim_2010,
       author = {{Sim}, S.~A. and {R{\"o}pke}, F.~K. and {Hillebrandt}, W. and {Kromer}, M. and {Pakmor}, R. and {Fink}, M. and {Ruiter}, A.~J. and {Seitenzahl}, I.~R.},
        title = "{Detonations in Sub-Chandrasekhar-mass C+O White Dwarfs}",
      journal = {\apjl},
     keywords = {radiative transfer, supernovae: general, white dwarfs, Astrophysics - High Energy Astrophysical Phenomena},
         year = 2010,
        month = may,
       volume = {714},
       number = {1},
        pages = {L52-L57},
          doi = {10.1088/2041-8205/714/1/L52},
archivePrefix = {arXiv},
       eprint = {1003.2917},
 primaryClass = {astro-ph.HE},
       adsurl = {https://ui.adsabs.harvard.edu/abs/2010ApJ...714L..52S},
      adsnote = {Provided by the SAO/NASA Astrophysics Data System}
}

@ARTICLE{Maoz_2014,
       author = {{Maoz}, Dan and {Mannucci}, Filippo and {Nelemans}, Gijs},
        title = "{Observational Clues to the Progenitors of Type Ia Supernovae}",
      journal = {\araa},
     keywords = {Astrophysics - Cosmology and Nongalactic Astrophysics, Astrophysics - High Energy Astrophysical Phenomena},
         year = 2014,
        month = aug,
       volume = {52},
        pages = {107-170},
          doi = {10.1146/annurev-astro-082812-141031},
archivePrefix = {arXiv},
       eprint = {1312.0628},
 primaryClass = {astro-ph.CO},
       adsurl = {https://ui.adsabs.harvard.edu/abs/2014ARA&A..52..107M},
      adsnote = {Provided by the SAO/NASA Astrophysics Data System}
}

@ARTICLE{Filippenko_91bg_1992,
       author = {{Filippenko}, Alexei V. and {Richmond}, Michael W. and {Branch}, David and {Gaskell}, Martin and {Herbst}, William and {Ford}, Charles H. and {Treffers}, Richard R. and {Matheson}, Thomas and {Ho}, Luis C. and {Dey}, Arjun and {Sargent}, Wallace L.~W. and {Small}, Todd A. and {van Breugel}, Wil J.~M.},
        title = "{The Subluminous, Spectroscopically Peculiar Type 1a Supernova 1991bg in the Elliptical Galaxy NGC 4374}",
      journal = {\aj},
     keywords = {Elliptical Galaxies, Peculiar Stars, Stellar Spectrophotometry, Supernovae, Light Curve, Stellar Luminosity, Virgo Galactic Cluster, Astrophysics, SUPERNOVAE: INDIVIDUAL: 1991 BG, GALAXIES: INDIVIDUAL: NGC 4374},
         year = 1992,
        month = oct,
       volume = {104},
        pages = {1543},
          doi = {10.1086/116339},
       adsurl = {https://ui.adsabs.harvard.edu/abs/1992AJ....104.1543F},
      adsnote = {Provided by the SAO/NASA Astrophysics Data System}
}

@ARTICLE{Nomoto_1982a,
       author = {{Nomoto}, K.},
        title = "{Accreting white dwarf models for type I supernovae. I - Presupernova evolution and triggering mechanisms}",
      journal = {\apj},
     keywords = {Binary Stars, Stellar Evolution, Stellar Mass Accretion, Stellar Models, Supernovae, White Dwarf Stars, Carbon, Helium, Oxygen, Astrophysics},
         year = 1982,
        month = feb,
       volume = {253},
        pages = {798-810},
          doi = {10.1086/159682},
       adsurl = {https://ui.adsabs.harvard.edu/abs/1982ApJ...253..798N},
      adsnote = {Provided by the SAO/NASA Astrophysics Data System}
}

@ARTICLE{Nomoto_1982b,
       author = {{Nomoto}, K.},
        title = "{Accreting white dwarf models for type I supernovae. II. Off-center detonation supernovae.}",
      journal = {\apj},
     keywords = {Detonation Waves, Shock Wave Propagation, Stellar Mass Accretion, Stellar Models, Supernovae, White Dwarf Stars, Density Distribution, Hydrodynamics, Light Curve, Nuclear Fusion, Supernova Remnants, Temperature Profiles, Astrophysics},
         year = 1982,
        month = jun,
       volume = {257},
        pages = {780-792},
          doi = {10.1086/160031},
       adsurl = {https://ui.adsabs.harvard.edu/abs/1982ApJ...257..780N},
      adsnote = {Provided by the SAO/NASA Astrophysics Data System}
}

@ARTICLE{Woosley_1986,
       author = {{Woosley}, S.~E. and {Taam}, R.~E. and {Weaver}, T.~A.},
        title = "{Models for Type I Supernova. I. Detonations in White Dwarfs}",
      journal = {\apj},
     keywords = {Binary Stars, Nuclear Fusion, Stellar Evolution, Stellar Physics, Supernovae, White Dwarf Stars, Density Distribution, Detonation, Hydrodynamics, Light Curve, Stellar Envelopes, Stellar Gravitation, Stellar Luminosity, Stellar Mass Accretion, Stellar Models, Stellar Oscillations, Astrophysics, GAMMA RAYS: GENERAL, NUCLEOSYNTHESIS, STARS: BINARIES, STARS: INTERIORS, STARS: SUPERNOVAE, STARS: WHITE DWARFS},
         year = 1986,
        month = feb,
       volume = {301},
        pages = {601},
          doi = {10.1086/163926},
       adsurl = {https://ui.adsabs.harvard.edu/abs/1986ApJ...301..601W},
      adsnote = {Provided by the SAO/NASA Astrophysics Data System}
}

@ARTICLE{Woosley_1994,
       author = {{Woosley}, S.~E. and {Weaver}, Thomas A.},
        title = "{Sub--Chandrasekhar Mass Models for Type IA Supernovae}",
      journal = {\apj},
     keywords = {Astronomical Models, Chandrasekhar Equation, Nuclear Fusion, Stellar Evolution, Stellar Mass, Supernovae, Abundance, Detonation Waves, Energy Transfer, Stellar Interiors, Stellar Luminosity, Astrophysics, NUCLEAR REACTIONS, NUCLEOSYNTHESIS, ABUNDANCES, STARS: EVOLUTION, STARS: INTERIORS, STARS: SUPERNOVAE: GENERAL},
         year = 1994,
        month = mar,
       volume = {423},
        pages = {371},
          doi = {10.1086/173813},
       adsurl = {https://ui.adsabs.harvard.edu/abs/1994ApJ...423..371W},
      adsnote = {Provided by the SAO/NASA Astrophysics Data System}
}

@ARTICLE{Livne_1990,
       author = {{Livne}, Eli},
        title = "{Successive Detonations in Accreting White Dwarfs as an Alternative Mechanism for Type I Supernovae}",
      journal = {\apjl},
     keywords = {Nuclear Fusion, Stellar Mass Accretion, Supernovae, White Dwarf Stars, Astronomical Models, Shock Waves, Stellar Cores, Stellar Mass, Astrophysics, HYDRODYNAMICS, NUCLEOSYNTHESIS, STARS: SUPERNOVAE, STARS: WHITE DWARFS},
         year = 1990,
        month = may,
       volume = {354},
        pages = {L53},
          doi = {10.1086/185721},
       adsurl = {https://ui.adsabs.harvard.edu/abs/1990ApJ...354L..53L},
      adsnote = {Provided by the SAO/NASA Astrophysics Data System}
}

@ARTICLE{Livne_1995,
       author = {{Livne}, Eli and {Arnett}, David},
        title = "{Explosions of Sub--Chandrasekhar Mass White Dwarfs in Two Dimensions}",
      journal = {\apj},
     keywords = {COSMOLOGY: DISTANCE SCALE, HYDRODYNAMICS, NUCLEAR REACTIONS, NUCLEOSYNTHESIS, ABUNDANCES, STARS: ABUNDANCES, STARS: SUPERNOVAE: GENERAL, STARS: WHITE DWARFS},
         year = 1995,
        month = oct,
       volume = {452},
        pages = {62},
          doi = {10.1086/176279},
       adsurl = {https://ui.adsabs.harvard.edu/abs/1995ApJ...452...62L},
      adsnote = {Provided by the SAO/NASA Astrophysics Data System}
}

@ARTICLE{Bildsten_2007,
       author = {{Bildsten}, Lars and {Shen}, Ken J. and {Weinberg}, Nevin N. and {Nelemans}, Gijs},
        title = "{Faint Thermonuclear Supernovae from AM Canum Venaticorum Binaries}",
      journal = {\apjl},
     keywords = {Stars: Binaries: Close, Stars: Novae, Cataclysmic Variables, Stars: Supernovae: General, Stars: White Dwarfs, Astrophysics},
         year = 2007,
        month = jun,
       volume = {662},
       number = {2},
        pages = {L95-L98},
          doi = {10.1086/519489},
archivePrefix = {arXiv},
       eprint = {astro-ph/0703578},
 primaryClass = {astro-ph},
       adsurl = {https://ui.adsabs.harvard.edu/abs/2007ApJ...662L..95B},
      adsnote = {Provided by the SAO/NASA Astrophysics Data System}
}

@ARTICLE{Nugent_1997,
       author = {{Nugent}, Peter and {Baron}, E. and {Branch}, David and {Fisher}, Adam and {Hauschildt}, Peter H.},
        title = "{Synthetic Spectra of Hydrodynamic Models of Type Ia Supernovae}",
      journal = {\apj},
     keywords = {Hydrodynamics, Stars: Interiors, Stars: Supernovae: General, Astrophysics},
         year = 1997,
        month = aug,
       volume = {485},
       number = {2},
        pages = {812-819},
          doi = {10.1086/304459},
archivePrefix = {arXiv},
       eprint = {astro-ph/9612044},
 primaryClass = {astro-ph},
       adsurl = {https://ui.adsabs.harvard.edu/abs/1997ApJ...485..812N},
      adsnote = {Provided by the SAO/NASA Astrophysics Data System}
}

@ARTICLE{Deckers_2022,
       author = {{Deckers}, M. and {Maguire}, K. and {Magee}, M.~R. and {Dimitriadis}, G. and {Smith}, M. and {Sainz de Murieta}, A. and {Miller}, A.~A. and {Goobar}, A. and {Nordin}, J. and {Rigault}, M. and {Bellm}, E.~C. and {Coughlin}, M. and {Laher}, R.~R. and {Shupe}, D.~L. and {Graham}, M. and {Kasliwal}, M. and {Walters}, R.},
        title = "{Constraining Type Ia supernova explosions and early flux excesses with the Zwicky Transient Factory}",
      journal = {\mnras},
     keywords = {surveys, supernovae: general, Astrophysics - High Energy Astrophysical Phenomena},
         year = 2022,
        month = may,
       volume = {512},
       number = {1},
        pages = {1317-1340},
          doi = {10.1093/mnras/stac558},
archivePrefix = {arXiv},
       eprint = {2202.12914},
 primaryClass = {astro-ph.HE},
       adsurl = {https://ui.adsabs.harvard.edu/abs/2022MNRAS.512.1317D},
      adsnote = {Provided by the SAO/NASA Astrophysics Data System}
}

@ARTICLE{Childress_2013,
       author = {{Childress}, M.~J. and {Scalzo}, R.~A. and {Sim}, S.~A. and {Tucker}, B.~E. and {Yuan}, F. and {Schmidt}, B.~P. and {Cenko}, S.~B. and {Silverman}, J.~M. and {Contreras}, C. and {Hsiao}, E.~Y. and {Phillips}, M. and {Morrell}, N. and {Jha}, S.~W. and {McCully}, C. and {Filippenko}, A.~V. and {Anderson}, J.~P. and {Benetti}, S. and {Bufano}, F. and {de Jaeger}, T. and {Forster}, F. and {Gal-Yam}, A. and {Le Guillou}, L. and {Maguire}, K. and {Maund}, J. and {Mazzali}, P.~A. and {Pignata}, G. and {Smartt}, S. and {Spyromilio}, J. and {Sullivan}, M. and {Taddia}, F. and {Valenti}, S. and {Bayliss}, D.~D.~R. and {Bessell}, M. and {Blanc}, G.~A. and {Carson}, D.~J. and {Clubb}, K.~I. and {de Burgh-Day}, C. and {Desjardins}, T.~D. and {Fang}, J.~J. and {Fox}, O.~D. and {Gates}, E.~L. and {Ho}, I. -T. and {Keller}, S. and {Kelly}, P.~L. and {Lidman}, C. and {Loaring}, N.~S. and {Mould}, J.~R. and {Owers}, M. and {Ozbilgen}, S. and {Pei}, L. and {Pickering}, T. and {Pracy}, M.~B. and {Rich}, J.~A. and {Schaefer}, B.~E. and {Scott}, N. and {Stritzinger}, M. and {Vogt}, F.~P.~A. and {Zhou}, G.},
        title = "{Spectroscopic Observations of SN 2012fr: A Luminous, Normal Type Ia Supernova with Early High-velocity Features and a Late Velocity Plateau}",
      journal = {\apj},
     keywords = {galaxies: individual: NGC 1365, supernovae: general, supernovae: individual: SN 2012fr, Astrophysics - Cosmology and Nongalactic Astrophysics, Astrophysics - Solar and Stellar Astrophysics},
         year = 2013,
        month = jun,
       volume = {770},
       number = {1},
          eid = {29},
        pages = {29},
          doi = {10.1088/0004-637X/770/1/29},
archivePrefix = {arXiv},
       eprint = {1302.2926},
 primaryClass = {astro-ph.CO},
       adsurl = {https://ui.adsabs.harvard.edu/abs/2013ApJ...770...29C},
      adsnote = {Provided by the SAO/NASA Astrophysics Data System}
}

@ARTICLE{Childress_2014,
       author = {{Childress}, Michael J. and {Filippenko}, Alexei V. and {Ganeshalingam}, Mohan and {Schmidt}, Brian P.},
        title = "{High-velocity features in Type Ia supernova spectra}",
      journal = {\mnras},
     keywords = {supernovae: general, Astrophysics - Cosmology and Nongalactic Astrophysics, Astrophysics - Solar and Stellar Astrophysics},
         year = 2014,
        month = jan,
       volume = {437},
       number = {1},
        pages = {338-350},
          doi = {10.1093/mnras/stt1892},
archivePrefix = {arXiv},
       eprint = {1307.0563},
 primaryClass = {astro-ph.CO},
       adsurl = {https://ui.adsabs.harvard.edu/abs/2014MNRAS.437..338C},
      adsnote = {Provided by the SAO/NASA Astrophysics Data System}
}

@ARTICLE{Mazzali_2005,
       author = {{Mazzali}, P.~A. and {Benetti}, S. and {Altavilla}, G. and {Blanc}, G. and {Cappellaro}, E. and {Elias-Rosa}, N. and {Garavini}, G. and {Goobar}, A. and {Harutyunyan}, A. and {Kotak}, R. and {Leibundgut}, B. and {Lundqvist}, P. and {Mattila}, S. and {Mendez}, J. and {Nobili}, S. and {Pain}, R. and {Pastorello}, A. and {Patat}, F. and {Pignata}, G. and {Podsiadlowski}, Ph. and {Ruiz-Lapuente}, P. and {Salvo}, M. and {Schmidt}, B.~P. and {Sollerman}, J. and {Stanishev}, V. and {Stehle}, M. and {Tout}, C. and {Turatto}, M. and {Hillebrandt}, W.},
        title = "{High-Velocity Features: A Ubiquitous Property of Type Ia Supernovae}",
      journal = {\apjl},
     keywords = {Stars: Supernovae: General, Astrophysics},
         year = 2005,
        month = apr,
       volume = {623},
       number = {1},
        pages = {L37-L40},
          doi = {10.1086/429874},
archivePrefix = {arXiv},
       eprint = {astro-ph/0502531},
 primaryClass = {astro-ph},
       adsurl = {https://ui.adsabs.harvard.edu/abs/2005ApJ...623L..37M},
      adsnote = {Provided by the SAO/NASA Astrophysics Data System}
}

@ARTICLE{Eitner_2022,
       author = {{Eitner}, P. and {Bergemann}, M. and {Ruiter}, A.~J. and {Seitenzahl}, I.~R. and {Gent}, M.~R. and {C{\^o}t{\'e}}, B.},
        title = "{Observational constraints on the origin of the elements. V. Constraints on the chemical enrichment by sub-Chandrasekhar mass SNe in the Milky Way}",
      journal = {arXiv e-prints},
     keywords = {Astrophysics - Astrophysics of Galaxies, Astrophysics - High Energy Astrophysical Phenomena, Astrophysics - Solar and Stellar Astrophysics},
         year = 2022,
        month = jun,
          eid = {arXiv:2206.10258},
        pages = {arXiv:2206.10258},
archivePrefix = {arXiv},
       eprint = {2206.10258},
 primaryClass = {astro-ph.GA},
       adsurl = {https://ui.adsabs.harvard.edu/abs/2022arXiv220610258E},
      adsnote = {Provided by the SAO/NASA Astrophysics Data System}
}

@ARTICLE{Sanders_2021,
       author = {{Sanders}, Jason L. and {Belokurov}, Vasily and {Man}, Kai T.~F.},
        title = "{Evidence for sub-Chandrasekhar Type Ia supernovae from the last major merger}",
      journal = {\mnras},
     keywords = {nuclear reactions, nucleosynthesis, abundances, supernovae: general, Galaxy: abundances, Galaxy: evolution, Astrophysics - Astrophysics of Galaxies, Astrophysics - Solar and Stellar Astrophysics},
         year = 2021,
        month = sep,
       volume = {506},
       number = {3},
        pages = {4321-4343},
          doi = {10.1093/mnras/stab1951},
archivePrefix = {arXiv},
       eprint = {2106.11324},
 primaryClass = {astro-ph.GA},
       adsurl = {https://ui.adsabs.harvard.edu/abs/2021MNRAS.506.4321S},
      adsnote = {Provided by the SAO/NASA Astrophysics Data System}
}

@ARTICLE{Childress_2014b,
       author = {{Childress}, Michael J. and {Wolf}, Christian and {Zahid}, H. Jabran},
        title = "{Ages of Type Ia supernovae over cosmic time}",
      journal = {\mnras},
     keywords = {supernovae: general, galaxies: evolution, dark energy, Astrophysics - Cosmology and Nongalactic Astrophysics, Astrophysics - Astrophysics of Galaxies},
         year = 2014,
        month = dec,
       volume = {445},
       number = {2},
        pages = {1898-1911},
          doi = {10.1093/mnras/stu1892},
archivePrefix = {arXiv},
       eprint = {1409.2951},
 primaryClass = {astro-ph.CO},
       adsurl = {https://ui.adsabs.harvard.edu/abs/2014MNRAS.445.1898C},
      adsnote = {Provided by the SAO/NASA Astrophysics Data System}
}

@ARTICLE{Ni_18aoz_2023,
       author = {{Ni}, Yuan Qi and {Moon}, Dae-Sik and {Drout}, Maria R. and {Polin}, Abigail and {Sand}, David J. and {Gonz{\'a}lez-Gait{\'a}n}, Santiago and {Kim}, Sang Chul and {Lee}, Youngdae and {Park}, Hong Soo and {Howell}, D. Andrew and {Nugent}, Peter E. and {Piro}, Anthony L. and {Brown}, Peter J. and {Galbany}, Llu{\'\i}s and {Burke}, Jamison and {Hiramatsu}, Daichi and {Hosseinzadeh}, Griffin and {Valenti}, Stefano and {Afsariardchi}, Niloufar and {Andrews}, Jennifer E. and {Antoniadis}, John and {Beaton}, Rachael L. and {Bostroem}, K. Azalee and {Carlberg}, Raymond G. and {Cenko}, S. Bradley and {Cha}, Sang-Mok and {Dong}, Yize and {Gal-Yam}, Avishay and {Haislip}, Joshua and {Holoien}, Thomas W. -S. and {Johnson}, Sean D. and {Kouprianov}, Vladimir and {Lee}, Yongseok and {Matzner}, Christopher D. and {Morrell}, Nidia and {McCully}, Curtis and {Pignata}, Giuliano and {Reichart}, Daniel E. and {Rich}, Jeffrey and {Ryder}, Stuart D. and {Smith}, Nathan and {Wyatt}, Samuel and {Yang}, Sheng},
        title = "{The Origin and Evolution of the Normal Type Ia SN 2018aoz with Infant-phase Reddening and Excess Emission}",
      journal = {\apj},
     keywords = {Binary stars, Supernovae, Type Ia supernovae, White dwarf stars, Transient sources, Time domain astronomy, Astrophysics - Solar and Stellar Astrophysics, Astrophysics - High Energy Astrophysical Phenomena, High Energy Physics - Phenomenology},
         year = 2023,
        month = mar,
       volume = {946},
       number = {1},
          eid = {7},
        pages = {7},
          doi = {10.3847/1538-4357/aca9be},
archivePrefix = {arXiv},
       eprint = {2206.12437},
 primaryClass = {astro-ph.SR},
       adsurl = {https://ui.adsabs.harvard.edu/abs/2023ApJ...946....7N},
      adsnote = {Provided by the SAO/NASA Astrophysics Data System}
}



@ARTICLE{Leroy_2019,
       author = {{Leroy}, Adam K. and {Sandstrom}, Karin M. and {Lang}, Dustin and {Lewis}, Alexia and {Salim}, Samir and {Behrens}, Erica A. and {Chastenet}, J{\'e}r{\'e}my and {Chiang}, I-Da and {Gallagher}, Molly J. and {Kessler}, Sarah and {Utomo}, Dyas},
        title = "{A z = 0 Multiwavelength Galaxy Synthesis. I. A WISE and GALEX Atlas of Local Galaxies}",
      journal = {\apjs},
     keywords = {galaxies: general, galaxies: ISM, galaxies: spiral, galaxies: star formation, infrared: galaxies, ultraviolet: galaxies, Astrophysics - Astrophysics of Galaxies},
         year = 2019,
        month = oct,
       volume = {244},
       number = {2},
          eid = {24},
        pages = {24},
          doi = {10.3847/1538-4365/ab3925},
archivePrefix = {arXiv},
       eprint = {1910.13470},
 primaryClass = {astro-ph.GA},
       adsurl = {https://ui.adsabs.harvard.edu/abs/2019ApJS..244...24L},
      adsnote = {Provided by the SAO/NASA Astrophysics Data System}
}

@ARTICLE{Dong_Ca-rich_2022,
       author = {{Dong}, Yuxin and {Milisavljevic}, Dan and {Leja}, Joel and {Sarbadhicary}, Sumit K. and {Nugent}, Anya E. and {Margutti}, Raffaella and {Jacobson-Gal{\'a}n}, Wynn V. and {Polin}, Abigail and {Banovetz}, John and {Reynolds}, Jack M. and {Subrayan}, Bhagya},
        title = "{Physical Properties of the Host Galaxies of Ca-rich Transients}",
      journal = {\apj},
     keywords = {Supernovae, Galaxies, Photometry, 1668, 573, 1234, Astrophysics - High Energy Astrophysical Phenomena, Astrophysics - Astrophysics of Galaxies},
         year = 2022,
        month = mar,
       volume = {927},
       number = {2},
          eid = {199},
        pages = {199},
          doi = {10.3847/1538-4357/ac5257},
archivePrefix = {arXiv},
       eprint = {2202.03449},
 primaryClass = {astro-ph.HE},
       adsurl = {https://ui.adsabs.harvard.edu/abs/2022ApJ...927..199D},
      adsnote = {Provided by the SAO/NASA Astrophysics Data System}
}


@ARTICLE{Yao_2019,
       author = {{Yao}, Yuhan and {Miller}, Adam A. and {Kulkarni}, S.~R. and {Bulla}, Mattia and {Masci}, Frank J. and {Goldstein}, Daniel A. and {Goobar}, Ariel and {Nugent}, Peter and {Dugas}, Alison and {Blagorodnova}, Nadia and {Neill}, James D. and {Rigault}, Mickael and {Sollerman}, Jesper and {Nordin}, J. and {Bellm}, Eric C. and {Cenko}, S. Bradley and {De}, Kishalay and {Dhawan}, Suhail and {Feindt}, Ulrich and {Fremling}, C. and {Gatkine}, Pradip and {Graham}, Matthew J. and {Graham}, Melissa L. and {Ho}, Anna Y.~Q. and {Hung}, T. and {Kasliwal}, Mansi M. and {Kupfer}, Thomas and {Laher}, Russ R. and {Perley}, Daniel A. and {Rusholme}, Ben and {Shupe}, David L. and {Soumagnac}, Maayane T. and {Taggart}, K. and {Walters}, Richard and {Yan}, Lin},
        title = "{ZTF Early Observations of Type Ia Supernovae. I. Properties of the 2018 Sample}",
      journal = {\apj},
     keywords = {Type Ia supernovae, Sky surveys, Catalogs, Supernovae, Surveys, Photometry, 1728, 1464, 205, 1668, 1671, 1234, Astrophysics - High Energy Astrophysical Phenomena},
         year = 2019,
        month = dec,
       volume = {886},
       number = {2},
          eid = {152},
        pages = {152},
          doi = {10.3847/1538-4357/ab4cf5},
archivePrefix = {arXiv},
       eprint = {1910.02967},
 primaryClass = {astro-ph.HE},
       adsurl = {https://ui.adsabs.harvard.edu/abs/2019ApJ...886..152Y},
      adsnote = {Provided by the SAO/NASA Astrophysics Data System}
}

@ARTICLE{Chabrier_2003,
       author = {{Chabrier}, Gilles},
        title = "{Galactic Stellar and Substellar Initial Mass Function}",
      journal = {\pasp},
     keywords = {Galaxies: Luminosity Function, Mass Function, Invited Reviews, Astrophysics},
         year = 2003,
        month = jul,
       volume = {115},
       number = {809},
        pages = {763-795},
          doi = {10.1086/376392},
archivePrefix = {arXiv},
       eprint = {astro-ph/0304382},
 primaryClass = {astro-ph},
       adsurl = {https://ui.adsabs.harvard.edu/abs/2003PASP..115..763C},
      adsnote = {Provided by the SAO/NASA Astrophysics Data System}
}

@ARTICLE{Gallazzi_2005,
       author = {{Gallazzi}, Anna and {Charlot}, St{\'e}phane and {Brinchmann}, Jarle and {White}, Simon D.~M. and {Tremonti}, Christy A.},
        title = "{The ages and metallicities of galaxies in the local universe}",
      journal = {\mnras},
     keywords = {galaxies: evolution, galaxies: formation, galaxies: stellar content, Astrophysics},
         year = 2005,
        month = sep,
       volume = {362},
       number = {1},
        pages = {41-58},
          doi = {10.1111/j.1365-2966.2005.09321.x},
archivePrefix = {arXiv},
       eprint = {astro-ph/0506539},
 primaryClass = {astro-ph},
       adsurl = {https://ui.adsabs.harvard.edu/abs/2005MNRAS.362...41G},
      adsnote = {Provided by the SAO/NASA Astrophysics Data System}
}

@ARTICLE{Nugent_2020,
       author = {{Nugent}, A.~E. and {Fong}, W. and {Dong}, Y. and {Palmese}, A. and {Leja}, J. and {Escorial}, A. Rouco and {Blanchard}, P.~K. and {Paterson}, K. and {Chornock}, R. and {Monson}, A. and {Nicholl}, M. and {Berger}, E.},
        title = "{The Distant, Galaxy Cluster Environment of the Short GRB 161104A at z {\ensuremath{\sim}} 0.8 and a Comparison to the Short GRB Host Population}",
      journal = {\apj},
     keywords = {Gamma-ray bursts, Galaxy clusters, Galaxy environments, High energy astrophysics, 629, 584, 2029, 739, Astrophysics - High Energy Astrophysical Phenomena},
         year = 2020,
        month = nov,
       volume = {904},
       number = {1},
          eid = {52},
        pages = {52},
          doi = {10.3847/1538-4357/abc24a},
archivePrefix = {arXiv},
       eprint = {2007.10372},
 primaryClass = {astro-ph.HE},
       adsurl = {https://ui.adsabs.harvard.edu/abs/2020ApJ...904...52N},
      adsnote = {Provided by the SAO/NASA Astrophysics Data System}
}

@ARTICLE{Nugent_2022,
       author = {{Nugent}, Anya E. and {Fong}, Wen-Fai and {Dong}, Yuxin and {Leja}, Joel and {Berger}, Edo and {Zevin}, Michael and {Chornock}, Ryan and {Cobb}, Bethany E. and {Kelley}, Luke Zoltan and {Kilpatrick}, Charles D. and {Levan}, Andrew and {Margutti}, Raffaella and {Paterson}, Kerry and {Perley}, Daniel and {Escorial}, Alicia Rouco and {Smith}, Nathan and {Tanvir}, Nial},
        title = "{Short GRB Host Galaxies. II. A Legacy Sample of Redshifts, Stellar Population Properties, and Implications for Their Neutron Star Merger Origins}",
      journal = {\apj},
     keywords = {Gravitational wave sources, Gamma-ray bursts, Stellar populations, 677, 629, 1622, Astrophysics - Astrophysics of Galaxies, Astrophysics - High Energy Astrophysical Phenomena},
         year = 2022,
        month = nov,
       volume = {940},
       number = {1},
          eid = {57},
        pages = {57},
          doi = {10.3847/1538-4357/ac91d1},
archivePrefix = {arXiv},
       eprint = {2206.01764},
 primaryClass = {astro-ph.GA},
       adsurl = {https://ui.adsabs.harvard.edu/abs/2022ApJ...940...57N},
      adsnote = {Provided by the SAO/NASA Astrophysics Data System}
}



@ARTICLE{Cardelli_1989,
       author = {{Cardelli}, Jason A. and {Clayton}, Geoffrey C. and {Mathis}, John S.},
        title = "{The Relationship between Infrared, Optical, and Ultraviolet Extinction}",
      journal = {\apj},
     keywords = {Infrared Spectra, Interstellar Extinction, Ultraviolet Spectra, Visible Spectrum, Computational Astrophysics, Interstellar Matter, Iue, Astrophysics, INTERSTELLAR: MATTER, ULTRAVIOLET: SPECTRA},
         year = 1989,
        month = oct,
       volume = {345},
        pages = {245},
          doi = {10.1086/167900},
       adsurl = {https://ui.adsabs.harvard.edu/abs/1989ApJ...345..245C},
      adsnote = {Provided by the SAO/NASA Astrophysics Data System}
}

@ARTICLE{Mazzali_2014,
       author = {{Mazzali}, P.~A. and {Sullivan}, M. and {Hachinger}, S. and {Ellis}, R.~S. and {Nugent}, P.~E. and {Howell}, D.~A. and {Gal-Yam}, A. and {Maguire}, K. and {Cooke}, J. and {Thomas}, R. and {Nomoto}, K. and {Walker}, E.~S.},
        title = "{Hubble Space Telescope spectra of the Type Ia supernova SN 2011fe: a tail of low-density, high-velocity material with Z < Z$_{{\ensuremath{\odot}}}$}",
      journal = {\mnras},
     keywords = {radiative transfer, techniques: spectroscopic, supernovae: general, supernovae: individual: SN 2011fe, Astrophysics - Cosmology and Nongalactic Astrophysics, Astrophysics - Solar and Stellar Astrophysics},
         year = 2014,
        month = apr,
       volume = {439},
       number = {2},
        pages = {1959-1979},
          doi = {10.1093/mnras/stu077},
archivePrefix = {arXiv},
       eprint = {1305.2356},
 primaryClass = {astro-ph.CO},
       adsurl = {https://ui.adsabs.harvard.edu/abs/2014MNRAS.439.1959M},
      adsnote = {Provided by the SAO/NASA Astrophysics Data System}
}

@ARTICLE{Sullivan_2011,
       author = {{Sullivan}, M. and {Kasliwal}, M.~M. and {Nugent}, P.~E. and {Howell}, D.~A. and {Thomas}, R.~C. and {Ofek}, E.~O. and {Arcavi}, I. and {Blake}, S. and {Cooke}, J. and {Gal-Yam}, A. and {Hook}, I.~M. and {Mazzali}, P. and {Podsiadlowski}, P. and {Quimby}, R. and {Bildsten}, L. and {Bloom}, J.~S. and {Cenko}, S.~B. and {Kulkarni}, S.~R. and {Law}, N. and {Poznanski}, D.},
        title = "{The Subluminous and Peculiar Type Ia Supernova PTF 09dav}",
      journal = {\apj},
     keywords = {supernovae: general, supernovae: individual: PTF09dav, Astrophysics - Cosmology and Nongalactic Astrophysics, Astrophysics - Solar and Stellar Astrophysics},
         year = 2011,
        month = may,
       volume = {732},
       number = {2},
          eid = {118},
        pages = {118},
          doi = {10.1088/0004-637X/732/2/118},
archivePrefix = {arXiv},
       eprint = {1103.1797},
 primaryClass = {astro-ph.CO},
       adsurl = {https://ui.adsabs.harvard.edu/abs/2011ApJ...732..118S},
      adsnote = {Provided by the SAO/NASA Astrophysics Data System}
}

@ARTICLE{Kasliwal_2012,
       author = {{Kasliwal}, Mansi M. and {Kulkarni}, S.~R. and {Gal-Yam}, Avishay and {Nugent}, Peter E. and {Sullivan}, Mark and {Bildsten}, Lars and {Yaron}, Ofer and {Perets}, Hagai B. and {Arcavi}, Iair and {Ben-Ami}, Sagi and {Bhalerao}, Varun B. and {Bloom}, Joshua S. and {Cenko}, S. Bradley and {Filippenko}, Alexei V. and {Frail}, Dale A. and {Ganeshalingam}, Mohan and {Horesh}, Assaf and {Howell}, D. Andrew and {Law}, Nicholas M. and {Leonard}, Douglas C. and {Li}, Weidong and {Ofek}, Eran O. and {Polishook}, David and {Poznanski}, Dovi and {Quimby}, Robert M. and {Silverman}, Jeffrey M. and {Sternberg}, Assaf and {Xu}, Dong},
        title = "{Calcium-rich Gap Transients in the Remote Outskirts of Galaxies}",
      journal = {\apj},
     keywords = {galaxies: clusters: general, Galaxy: halo, novae, cataclysmic variables, supernovae: individual: SN2005E SN2007ke PTF09dav PTF10iuv PTF11bij, surveys, white dwarfs, Astrophysics - High Energy Astrophysical Phenomena, Astrophysics - Cosmology and Nongalactic Astrophysics, Astrophysics - Solar and Stellar Astrophysics},
         year = 2012,
        month = aug,
       volume = {755},
       number = {2},
          eid = {161},
        pages = {161},
          doi = {10.1088/0004-637X/755/2/161},
archivePrefix = {arXiv},
       eprint = {1111.6109},
 primaryClass = {astro-ph.HE},
       adsurl = {https://ui.adsabs.harvard.edu/abs/2012ApJ...755..161K},
      adsnote = {Provided by the SAO/NASA Astrophysics Data System}
}

@ARTICLE{Perets_2010,
       author = {{Perets}, H.~B. and {Gal-Yam}, A. and {Mazzali}, P.~A. and {Arnett}, D. and {Kagan}, D. and {Filippenko}, A.~V. and {Li}, W. and {Arcavi}, I. and {Cenko}, S.~B. and {Fox}, D.~B. and {Leonard}, D.~C. and {Moon}, D. -S. and {Sand}, D.~J. and {Soderberg}, A.~M. and {Anderson}, J.~P. and {James}, P.~A. and {Foley}, R.~J. and {Ganeshalingam}, M. and {Ofek}, E.~O. and {Bildsten}, L. and {Nelemans}, G. and {Shen}, K.~J. and {Weinberg}, N.~N. and {Metzger}, B.~D. and {Piro}, A.~L. and {Quataert}, E. and {Kiewe}, M. and {Poznanski}, D.},
        title = "{A faint type of supernova from a white dwarf with a helium-rich companion}",
      journal = {\nat},
     keywords = {Astrophysics - High Energy Astrophysical Phenomena, Astrophysics - Solar and Stellar Astrophysics, High Energy Physics - Phenomenology, Nuclear Theory},
         year = 2010,
        month = may,
       volume = {465},
       number = {7296},
        pages = {322-325},
          doi = {10.1038/nature09056},
archivePrefix = {arXiv},
       eprint = {0906.2003},
 primaryClass = {astro-ph.HE},
       adsurl = {https://ui.adsabs.harvard.edu/abs/2010Natur.465..322P},
      adsnote = {Provided by the SAO/NASA Astrophysics Data System}
}

@ARTICLE{Pereira_2013,
       author = {{Pereira}, R. and {Thomas}, R.~C. and {Aldering}, G. and {Antilogus}, P. and {Baltay}, C. and {Benitez-Herrera}, S. and {Bongard}, S. and {Buton}, C. and {Canto}, A. and {Cellier-Holzem}, F. and {Chen}, J. and {Childress}, M. and {Chotard}, N. and {Copin}, Y. and {Fakhouri}, H.~K. and {Fink}, M. and {Fouchez}, D. and {Gangler}, E. and {Guy}, J. and {Hillebrandt}, W. and {Hsiao}, E.~Y. and {Kerschhaggl}, M. and {Kowalski}, M. and {Kromer}, M. and {Nordin}, J. and {Nugent}, P. and {Paech}, K. and {Pain}, R. and {P{\'e}contal}, E. and {Perlmutter}, S. and {Rabinowitz}, D. and {Rigault}, M. and {Runge}, K. and {Saunders}, C. and {Smadja}, G. and {Tao}, C. and {Taubenberger}, S. and {Tilquin}, A. and {Wu}, C.},
        title = "{Spectrophotometric time series of SN 2011fe from the Nearby Supernova Factory}",
      journal = {\aap},
     keywords = {supernovae: individual: SN 2011fe, Astrophysics - Cosmology and Nongalactic Astrophysics},
         year = 2013,
        month = jun,
       volume = {554},
          eid = {A27},
        pages = {A27},
          doi = {10.1051/0004-6361/201221008},
archivePrefix = {arXiv},
       eprint = {1302.1292},
 primaryClass = {astro-ph.CO},
       adsurl = {https://ui.adsabs.harvard.edu/abs/2013A&A...554A..27P},
      adsnote = {Provided by the SAO/NASA Astrophysics Data System}
}

@ARTICLE{Cook_2019,
       author = {{Cook}, David O. and {Kasliwal}, Mansi M. and {Van Sistine}, Angela and {Kaplan}, David L. and {Sutter}, Jessica S. and {Kupfer}, Thomas and {Shupe}, David L. and {Laher}, Russ R. and {Masci}, Frank J. and {Dale}, Daniel A. and {Sesar}, Branimir and {Brady}, Patrick R. and {Yan}, Lin and {Ofek}, Eran O. and {Reitze}, David H. and {Kulkarni}, Shrinivas R.},
        title = "{Census of the Local Universe (CLU) Narrowband Survey. I. Galaxy Catalogs from Preliminary Fields}",
      journal = {\apj},
     keywords = {galaxies: Seyfert, galaxies: starburst, gravitational waves, surveys, Astrophysics - Astrophysics of Galaxies, Astrophysics - High Energy Astrophysical Phenomena, Astrophysics - Instrumentation and Methods for Astrophysics},
         year = 2019,
        month = jul,
       volume = {880},
       number = {1},
          eid = {7},
        pages = {7},
          doi = {10.3847/1538-4357/ab2131},
archivePrefix = {arXiv},
       eprint = {1710.05016},
 primaryClass = {astro-ph.GA},
       adsurl = {https://ui.adsabs.harvard.edu/abs/2019ApJ...880....7C},
      adsnote = {Provided by the SAO/NASA Astrophysics Data System}
}

@ARTICLE{Filippenko97,
       author = {{Filippenko}, Alexei V.},
        title = "{Optical Spectra of Supernovae}",
      journal = {\araa},
         year = 1997,
        month = jan,
       volume = {35},
        pages = {309-355},
          doi = {10.1146/annurev.astro.35.1.309},
       adsurl = {https://ui.adsabs.harvard.edu/abs/1997ARA&A..35..309F},
      adsnote = {Provided by the SAO/NASA Astrophysics Data System}
}

@ARTICLE{Ganeshalingam_2012,
       author = {{Ganeshalingam}, Mohan and {Li}, Weidong and {Filippenko}, Alexei V. and {Silverman}, Jeffrey M. and {Chornock}, Ryan and {Foley}, Ryan J. and {Matheson}, Thomas and {Kirshner}, Robert P. and {Milne}, Peter and {Calkins}, Mike and {Shen}, Ken J.},
        title = "{The Low-velocity, Rapidly Fading Type Ia Supernova 2002es}",
      journal = {\apj},
     keywords = {supernovae: general, supernovae: individual: SN 2002es SN 1999bh, Astrophysics - Cosmology and Nongalactic Astrophysics},
         year = 2012,
        month = jun,
       volume = {751},
       number = {2},
          eid = {142},
        pages = {142},
          doi = {10.1088/0004-637X/751/2/142},
archivePrefix = {arXiv},
       eprint = {1202.3140},
 primaryClass = {astro-ph.CO},
       adsurl = {https://ui.adsabs.harvard.edu/abs/2012ApJ...751..142G},
      adsnote = {Provided by the SAO/NASA Astrophysics Data System}
}

@ARTICLE{Filippenko_2003,
       author = {{Filippenko}, A.~V. and {Chornock}, R. and {Swift}, B. and {Modjaz}, M. and {Simcoe}, R. and {Rauch}, M.},
        title = "{Supernovae 2001co, 2003H, 2003dg, and 2003dr}",
      journal = {\iaucirc},
         year = 2003,
        month = jun,
       volume = {8159},
        pages = {2},
       adsurl = {https://ui.adsabs.harvard.edu/abs/2003IAUC.8159....2F},
      adsnote = {Provided by the SAO/NASA Astrophysics Data System}
}

@ARTICLE{Valenti_12hn_2014,
       author = {{Valenti}, S. and {Yuan}, F. and {Taubenberger}, S. and {Maguire}, K. and {Pastorello}, A. and {Benetti}, S. and {Smartt}, S.~J. and {Cappellaro}, E. and {Howell}, D.~A. and {Bildsten}, L. and {Moore}, K. and {Stritzinger}, M. and {Anderson}, J.~P. and {Benitez-Herrera}, S. and {Bufano}, F. and {Gonzalez-Gaitan}, S. and {McCrum}, M.~G. and {Pignata}, G. and {Fraser}, M. and {Gal-Yam}, A. and {Le Guillou}, L. and {Inserra}, C. and {Reichart}, D.~E. and {Scalzo}, R. and {Sullivan}, M. and {Yaron}, O. and {Young}, D.~R.},
        title = "{PESSTO monitoring of SN 2012hn: further heterogeneity among faint Type I supernovae}",
      journal = {\mnras},
     keywords = {supernovae: general, supernovae: individual: 2012hn, Astrophysics - Solar and Stellar Astrophysics, Astrophysics - Cosmology and Nongalactic Astrophysics},
         year = 2014,
        month = jan,
       volume = {437},
       number = {2},
        pages = {1519-1533},
          doi = {10.1093/mnras/stt1983},
archivePrefix = {arXiv},
       eprint = {1302.2983},
 primaryClass = {astro-ph.SR},
       adsurl = {https://ui.adsabs.harvard.edu/abs/2014MNRAS.437.1519V},
      adsnote = {Provided by the SAO/NASA Astrophysics Data System}
}

@ARTICLE{Magee_2021,
       author = {{Magee}, M.~R. and {Maguire}, K. and {Kotak}, R. and {Sim}, S.~A.},
        title = "{Exploring the diversity of double-detonation explosions for Type Ia supernovae: effects of the post-explosion helium shell composition}",
      journal = {\mnras},
     keywords = {radiative transfer, supernovae: general, Astrophysics - High Energy Astrophysical Phenomena},
         year = 2021,
        month = apr,
       volume = {502},
       number = {3},
        pages = {3533-3553},
          doi = {10.1093/mnras/stab201},
archivePrefix = {arXiv},
       eprint = {2101.09792},
 primaryClass = {astro-ph.HE},
       adsurl = {https://ui.adsabs.harvard.edu/abs/2021MNRAS.502.3533M},
      adsnote = {Provided by the SAO/NASA Astrophysics Data System}
}

@ARTICLE{Lyman_2014,
       author = {{Lyman}, J.~D. and {Levan}, A.~J. and {Church}, R.~P. and {Davies}, M.~B. and {Tanvir}, N.~R.},
        title = "{The progenitors of calcium-rich transients are not formed in situ*}",
      journal = {\mnras},
     keywords = {supernovae: general, supernovae: individual: 2003H, supernovae: individual: 2005E, supernovae: individual: 2012hn, Astrophysics - High Energy Astrophysical Phenomena},
         year = 2014,
        month = nov,
       volume = {444},
       number = {3},
        pages = {2157-2166},
          doi = {10.1093/mnras/stu1574},
archivePrefix = {arXiv},
       eprint = {1408.1424},
 primaryClass = {astro-ph.HE},
       adsurl = {https://ui.adsabs.harvard.edu/abs/2014MNRAS.444.2157L},
      adsnote = {Provided by the SAO/NASA Astrophysics Data System}
}

@INCOLLECTION{Gal-Yam_2017,
       author = {{Gal-Yam}, Avishay},
        title = "{Observational and Physical Classification of Supernovae}",
     keywords = {Physics, Astrophysics - High Energy Astrophysical Phenomena},
    booktitle = {Handbook of Supernovae},
         year = 2017,
       editor = {{Alsabti}, Athem W. and {Murdin}, Paul},
        pages = {195},
          doi = {10.1007/978-3-319-21846-5_35},
       adsurl = {https://ui.adsabs.harvard.edu/abs/2017hsn..book..195G},
      adsnote = {Provided by the SAO/NASA Astrophysics Data System}
}

@ARTICLE{Sun_2017,
       author = {{Sun}, Fengwu and {Gal-Yam}, Avishay},
        title = "{Quantitative Classification of Type I Supernovae Using Spectroscopic Features at Maximum Brightness}",
      journal = {arXiv e-prints},
     keywords = {Astrophysics - High Energy Astrophysical Phenomena},
         year = 2017,
        month = jul,
          eid = {arXiv:1707.02543},
        pages = {arXiv:1707.02543},
archivePrefix = {arXiv},
       eprint = {1707.02543},
 primaryClass = {astro-ph.HE},
       adsurl = {https://ui.adsabs.harvard.edu/abs/2017arXiv170702543S},
      adsnote = {Provided by the SAO/NASA Astrophysics Data System}
}

@BOOK{Osterbrock_2006,
       author = {{Osterbrock}, Donald E. and {Ferland}, Gary J.},
        title = "{Astrophysics of gaseous nebulae and active galactic nuclei}",
         year = 2006,
       adsurl = {https://ui.adsabs.harvard.edu/abs/2006agna.book.....O},
      adsnote = {Provided by the SAO/NASA Astrophysics Data System}
}

@ARTICLE{Byler_2017,
       author = {{Byler}, Nell and {Dalcanton}, Julianne J. and {Conroy}, Charlie and {Johnson}, Benjamin D.},
        title = "{Nebular Continuum and Line Emission in Stellar Population Synthesis Models}",
      journal = {\apj},
     keywords = {galaxies: abundances, galaxies: ISM, galaxies: star formation, Astrophysics - Astrophysics of Galaxies},
         year = 2017,
        month = may,
       volume = {840},
       number = {1},
          eid = {44},
        pages = {44},
          doi = {10.3847/1538-4357/aa6c66},
archivePrefix = {arXiv},
       eprint = {1611.08305},
 primaryClass = {astro-ph.GA},
       adsurl = {https://ui.adsabs.harvard.edu/abs/2017ApJ...840...44B},
      adsnote = {Provided by the SAO/NASA Astrophysics Data System}
}

@ARTICLE{Townsley_2019,
       author = {{Townsley}, Dean M. and {Miles}, Broxton J. and {Shen}, Ken J. and {Kasen}, Daniel},
        title = "{Double Detonations with Thin, Modestly Enriched Helium Layers can Make Normal Type Ia Supernovae}",
      journal = {\apjl},
     keywords = {nuclear reactions, nucleosynthesis, abundances, supernovae: general, Astrophysics - Solar and Stellar Astrophysics, Astrophysics - High Energy Astrophysical Phenomena},
         year = 2019,
        month = jun,
       volume = {878},
       number = {2},
          eid = {L38},
        pages = {L38},
          doi = {10.3847/2041-8213/ab27cd},
archivePrefix = {arXiv},
       eprint = {1903.10960},
 primaryClass = {astro-ph.SR},
       adsurl = {https://ui.adsabs.harvard.edu/abs/2019ApJ...878L..38T},
      adsnote = {Provided by the SAO/NASA Astrophysics Data System}
}

@ARTICLE{Woosley_2011,
       author = {{Woosley}, S.~E. and {Kasen}, Daniel},
        title = "{Sub-Chandrasekhar Mass Models for Supernovae}",
      journal = {\apj},
     keywords = {hydrodynamics, instabilities, nuclear reactions, nucleosynthesis, abundances, shock waves, supernovae: general, Astrophysics - High Energy Astrophysical Phenomena},
         year = 2011,
        month = jun,
       volume = {734},
       number = {1},
          eid = {38},
        pages = {38},
          doi = {10.1088/0004-637X/734/1/38},
archivePrefix = {arXiv},
       eprint = {1010.5292},
 primaryClass = {astro-ph.HE},
       adsurl = {https://ui.adsabs.harvard.edu/abs/2011ApJ...734...38W},
      adsnote = {Provided by the SAO/NASA Astrophysics Data System}
}

@ARTICLE{Lucy_1991,
       author = {{Lucy}, L.~B.},
        title = "{Nonthermal Excitation of Helium in Type Ib Supernovae}",
      journal = {\apj},
     keywords = {Helium, Light Curve, Molecular Excitation, Nuclear Fusion, Stellar Spectra, Supernovae, Compton Effect, Spectral Line Width, Stellar Envelopes, Stellar Evolution, Astrophysics, NUCLEOSYNTHESIS, STARS: SUPERNOVAE},
         year = 1991,
        month = dec,
       volume = {383},
        pages = {308},
          doi = {10.1086/170787},
       adsurl = {https://ui.adsabs.harvard.edu/abs/1991ApJ...383..308L},
      adsnote = {Provided by the SAO/NASA Astrophysics Data System}
}

@ARTICLE{Hoeflich_2002,
       author = {{H{\"o}flich}, Peter and {Gerardy}, Christopher L. and {Fesen}, Robert A. and {Sakai}, Shoko},
        title = "{Infrared Spectra of the Subluminous Type Ia Supernova SN 1999by}",
      journal = {\apj},
     keywords = {Infrared: Stars, Stars: Supernovae: Individual: Alphanumeric: SN 1999by, Astrophysics},
         year = 2002,
        month = apr,
       volume = {568},
       number = {2},
        pages = {791-806},
          doi = {10.1086/339063},
archivePrefix = {arXiv},
       eprint = {astro-ph/0112126},
 primaryClass = {astro-ph},
       adsurl = {https://ui.adsabs.harvard.edu/abs/2002ApJ...568..791H},
      adsnote = {Provided by the SAO/NASA Astrophysics Data System}
}

@ARTICLE{Li_02cx_2003,
       author = {{Li}, Weidong and {Filippenko}, Alexei V. and {Chornock}, Ryan and {Berger}, Edo and {Berlind}, Perry and {Calkins}, Michael L. and {Challis}, Peter and {Fassnacht}, Chris and {Jha}, Saurabh and {Kirshner}, Robert P. and {Matheson}, Thomas and {Sargent}, Wallace L.~W. and {Simcoe}, Robert A. and {Smith}, Graeme H. and {Squires}, Gordon},
        title = "{SN 2002cx: The Most Peculiar Known Type Ia Supernova}",
      journal = {\pasp},
     keywords = {Stars: Supernovae: General, Stars: Supernovae: Individual: Alphanumeric: SN 1991T, Stars: Supernovae: Individual: Alphanumeric: SN 1991bg, Stars: Supernovae: Individual: Alphanumeric: SN 1994D, Stars: Supernovae: Individual: Alphanumeric: SN 1997br, supernovae: individual (SN 1999ac), supernovae: individual (SN 2000cx), supernovae: individual (SN 2002cx), Astrophysics},
         year = 2003,
        month = apr,
       volume = {115},
       number = {806},
        pages = {453-473},
          doi = {10.1086/374200},
archivePrefix = {arXiv},
       eprint = {astro-ph/0301428},
 primaryClass = {astro-ph},
       adsurl = {https://ui.adsabs.harvard.edu/abs/2003PASP..115..453L},
      adsnote = {Provided by the SAO/NASA Astrophysics Data System}
}

@ARTICLE{Foley_Iax_2013,
       author = {{Foley}, Ryan J. and {Challis}, P.~J. and {Chornock}, R. and {Ganeshalingam}, M. and {Li}, W. and {Marion}, G.~H. and {Morrell}, N.~I. and {Pignata}, G. and {Stritzinger}, M.~D. and {Silverman}, J.~M. and {Wang}, X. and {Anderson}, J.~P. and {Filippenko}, A.~V. and {Freedman}, W.~L. and {Hamuy}, M. and {Jha}, S.~W. and {Kirshner}, R.~P. and {McCully}, C. and {Persson}, S.~E. and {Phillips}, M.~M. and {Reichart}, D.~E. and {Soderberg}, A.~M.},
        title = "{Type Iax Supernovae: A New Class of Stellar Explosion}",
      journal = {\apj},
     keywords = {supernovae: general, supernovae: individual: SN 1991bj SN 1999ax SN 2002bp SN 2002cx SN 2003gq SN 2004cs SN 2004gw SN 2005P SN 2005cc SN 2005hk SN 2006hn SN 2007J SN 2007ie SN 2007qd SN 2008A SN 2008ae SN 2008ge SN 2008ha SN 2009J SN 2009ku SN 2010ae SN 2010el SN 2011ay SN 2011ce SN 2012Z, Astrophysics - Solar and Stellar Astrophysics, Astrophysics - Cosmology and Nongalactic Astrophysics},
         year = 2013,
        month = apr,
       volume = {767},
       number = {1},
          eid = {57},
        pages = {57},
          doi = {10.1088/0004-637X/767/1/57},
archivePrefix = {arXiv},
       eprint = {1212.2209},
 primaryClass = {astro-ph.SR},
       adsurl = {https://ui.adsabs.harvard.edu/abs/2013ApJ...767...57F},
      adsnote = {Provided by the SAO/NASA Astrophysics Data System}
}

@ARTICLE{Ganeshalingam_02es_2012,
       author = {{Ganeshalingam}, Mohan and {Li}, Weidong and {Filippenko}, Alexei V. and {Silverman}, Jeffrey M. and {Chornock}, Ryan and {Foley}, Ryan J. and {Matheson}, Thomas and {Kirshner}, Robert P. and {Milne}, Peter and {Calkins}, Mike and {Shen}, Ken J.},
        title = "{The Low-velocity, Rapidly Fading Type Ia Supernova 2002es}",
      journal = {\apj},
     keywords = {supernovae: general, supernovae: individual: SN 2002es SN 1999bh, Astrophysics - Cosmology and Nongalactic Astrophysics},
         year = 2012,
        month = jun,
       volume = {751},
       number = {2},
          eid = {142},
        pages = {142},
          doi = {10.1088/0004-637X/751/2/142},
archivePrefix = {arXiv},
       eprint = {1202.3140},
 primaryClass = {astro-ph.CO},
       adsurl = {https://ui.adsabs.harvard.edu/abs/2012ApJ...751..142G},
      adsnote = {Provided by the SAO/NASA Astrophysics Data System}
}

@ARTICLE{Miller_2017,
       author = {{Miller}, A.~A. and {Kasliwal}, M.~M. and {Cao}, Y. and {Adams}, S.~M. and {Goobar}, A. and {Kne{\v{z}}evi{\'c}}, S. and {Laher}, R.~R. and {Lunnan}, R. and {Masci}, F.~J. and {Nugent}, P.~E. and {Perley}, D.~A. and {Petrushevska}, T. and {Quimby}, R.~M. and {Rebbapragada}, U.~D. and {Sollerman}, J. and {Taddia}, F. and {Kulkarni}, S.~R.},
        title = "{Color Me Intrigued: The Discovery of iPTF 16fnm, an SN 2002cx-like Object}",
      journal = {\apj},
     keywords = {methods: observational, surveys, supernovae: general, supernovae: individual: SN 2002cx, SN 2005hk, iPTF 16fnm, Astrophysics - High Energy Astrophysical Phenomena, Astrophysics - Solar and Stellar Astrophysics},
         year = 2017,
        month = oct,
       volume = {848},
       number = {1},
          eid = {59},
        pages = {59},
          doi = {10.3847/1538-4357/aa8c7e},
archivePrefix = {arXiv},
       eprint = {1703.07449},
 primaryClass = {astro-ph.HE},
       adsurl = {https://ui.adsabs.harvard.edu/abs/2017ApJ...848...59M},
      adsnote = {Provided by the SAO/NASA Astrophysics Data System}
}

@ARTICLE{Miller_19yvq_2020,
       author = {{Miller}, A.~A. and {Magee}, M.~R. and {Polin}, A. and {Maguire}, K. and {Zimmerman}, E. and {Yao}, Y. and {Sollerman}, J. and {Schulze}, S. and {Perley}, D.~A. and {Kromer}, M. and {Dhawan}, S. and {Bulla}, M. and {Andreoni}, I. and {Bellm}, E.~C. and {De}, K. and {Dekany}, R. and {Delacroix}, A. and {Fremling}, C. and {Gal-Yam}, A. and {Goldstein}, D.~A. and {Golkhou}, V.~Z. and {Goobar}, A. and {Graham}, M.~J. and {Irani}, I. and {Kasliwal}, M.~M. and {Kaye}, S. and {Kim}, Y. -L. and {Laher}, R.~R. and {Mahabal}, A.~A. and {Masci}, F.~J. and {Nugent}, P.~E. and {Ofek}, E. and {Phinney}, E.~S. and {Prentice}, S.~J. and {Riddle}, R. and {Rigault}, M. and {Rusholme}, B. and {Schweyer}, T. and {Shupe}, D.~L. and {Soumagnac}, M.~T. and {Terreran}, G. and {Walters}, R. and {Yan}, L. and {Zolkower}, J. and {Kulkarni}, S.~R.},
        title = "{The Spectacular Ultraviolet Flash from the Peculiar Type Ia Supernova 2019yvq}",
      journal = {\apj},
     keywords = {Surveys, Supernovae, Type Ia supernovae, White dwarf stars, Observational astronomy, 1671, 1668, 1728, 1799, 1145, Astrophysics - High Energy Astrophysical Phenomena, Astrophysics - Solar and Stellar Astrophysics},
         year = 2020,
        month = jul,
       volume = {898},
       number = {1},
          eid = {56},
        pages = {56},
          doi = {10.3847/1538-4357/ab9e05},
archivePrefix = {arXiv},
       eprint = {2005.05972},
 primaryClass = {astro-ph.HE},
       adsurl = {https://ui.adsabs.harvard.edu/abs/2020ApJ...898...56M},
      adsnote = {Provided by the SAO/NASA Astrophysics Data System}
}

@ARTICLE{Siebert_19yvq_2020,
       author = {{Siebert}, Matthew R. and {Dimitriadis}, Georgios and {Polin}, Abigail and {Foley}, Ryan J.},
        title = "{Strong Calcium Emission Indicates that the Ultraviolet-flashing SN Ia 2019yvq Was the Result of a Sub-Chandrasekar-mass Double-detonation Explosion}",
      journal = {\apjl},
     keywords = {Supernovae, Observational astronomy, White dwarf stars, Type Ia supernovae, 1668, 1145, 1799, 1728, Astrophysics - High Energy Astrophysical Phenomena, Astrophysics - Solar and Stellar Astrophysics},
         year = 2020,
        month = sep,
       volume = {900},
       number = {2},
          eid = {L27},
        pages = {L27},
          doi = {10.3847/2041-8213/abae6e},
archivePrefix = {arXiv},
       eprint = {2007.13793},
 primaryClass = {astro-ph.HE},
       adsurl = {https://ui.adsabs.harvard.edu/abs/2020ApJ...900L..27S},
      adsnote = {Provided by the SAO/NASA Astrophysics Data System}
}



@ARTICLE{Iben_1987,
       author = {{Iben}, Icko, Jr. and {Nomoto}, Ken'ichi and {Tornambe}, Amedeo and {Tutukov}, Alexander V.},
        title = "{On Interacting Helium Star--White Dwarf Pairs as Supernova Precursors}",
      journal = {\apj},
     keywords = {B Stars, Binary Stars, Carbon Stars, Stellar Mass Accretion, Supernova Remnants, White Dwarf Stars, Helium, Mass Transfer, Nuclear Fusion, Stellar Evolution, Stellar Interiors, Astrophysics, NUCLEOSYNTHESIS, STARS: ACCRETION, STARS: BINARIES, STARS: INTERIORS, STARS: SUPERNOVAE, STARS: WHITE DWARFS},
         year = 1987,
        month = jun,
       volume = {317},
        pages = {717},
          doi = {10.1086/165318},
       adsurl = {https://ui.adsabs.harvard.edu/abs/1987ApJ...317..717I},
      adsnote = {Provided by the SAO/NASA Astrophysics Data System}
}


%%%%%%%%%%%%%%%%%%%%%%%%%%%%%%%%% 22joj %%%%%%%%%%%%%%%%%%%%%%%%%%%%%%%%%%%%%
@INCOLLECTION{Jerkstrand_2017,
       author = {{Jerkstrand}, Anders},
        title = "{Spectra of Supernovae in the Nebular Phase}",
     keywords = {Physics, Astrophysics - High Energy Astrophysical Phenomena, Astrophysics - Solar and Stellar Astrophysics},
    booktitle = {Handbook of Supernovae},
    publisher = {Springer},
         year = 2017,
       editor = {{Alsabti}, Athem W. and {Murdin}, Paul},
        pages = {795},
          doi = {10.1007/978-3-319-21846-5_29},
       adsurl = {https://ui.adsabs.harvard.edu/abs/2017hsn..book..795J},
      adsnote = {Provided by the SAO/NASA Astrophysics Data System}
}


@ARTICLE{Maguire_2018,
       author = {{Maguire}, K. and {Sim}, S.~A. and {Shingles}, L. and {Spyromilio}, J. and {Jerkstrand}, A. and {Sullivan}, M. and {Chen}, T. -W. and {Cartier}, R. and {Dimitriadis}, G. and {Frohmaier}, C. and {Galbany}, L. and {Guti{\'e}rrez}, C.~P. and {Hosseinzadeh}, G. and {Howell}, D.~A. and {Inserra}, C. and {Rudy}, R. and {Sollerman}, J.},
        title = "{Using late-time optical and near-infrared spectra to constrain Type Ia supernova explosion properties}",
      journal = {\mnras},
     keywords = {line: profiles, techniques: spectroscopic, supernovae: general, Astrophysics - High Energy Astrophysical Phenomena, Astrophysics - Cosmology and Nongalactic Astrophysics, Astrophysics - Solar and Stellar Astrophysics},
         year = 2018,
        month = jul,
       volume = {477},
       number = {3},
        pages = {3567-3582},
          doi = {10.1093/mnras/sty820},
archivePrefix = {arXiv},
       eprint = {1803.10252},
 primaryClass = {astro-ph.HE},
       adsurl = {https://ui.adsabs.harvard.edu/abs/2018MNRAS.477.3567M},
      adsnote = {Provided by the SAO/NASA Astrophysics Data System}
}

@ARTICLE{Fremling_2022TNSTR,
       author = {{Fremling}, C.},
        title = "{ZTF Transient Discovery Report for 2022-05-08}",
      journal = {Transient Name Server Discovery Report},
     keywords = {Transient, 2022joc, AT2022joc, AT 2022joc, ZTF22aaijqzn, 2022jod, AT2022jod, AT 2022jod, ZTF22aaizlbk, 2022joe, AT2022joe, AT 2022joe, ZTF22aajipum, 2022jof, AT2022jof, AT 2022jof, ZTF22aajhkcg, 2022jog, AT2022jog, AT 2022jog, ZTF22aaijuoa, 2022joh, AT2022joh, AT 2022joh, ZTF22aajjouv, 2022joi, AT2022joi, AT 2022joi, ZTF22aailzqi, 2022joj, AT2022joj, AT 2022joj, ZTF22aajijjf},
         year = 2022,
        month = may,
       volume = {2022-1220},
        pages = {1},
       adsurl = {https://ui.adsabs.harvard.edu/abs/2022TNSTR1220....1F},
      adsnote = {Provided by the SAO/NASA Astrophysics Data System}
}

@ARTICLE{Newsome_2022TNSCR,
       author = {{Newsome}, M. and {Li}, W. and {Burke}, J. and {Howell}, D.~A. and {McCully}, C. and {Gonzalez}, E.~P. and {Pellegrino}, C. and {Terreran}, G.},
        title = "{Global SN Project Transient Classification Report for 2022-05-12}",
      journal = {Transient Name Server Classification Report},
     keywords = {Transient, Supernova, 2022joj, SN2022joj, SN 2022joj, 2022hru, SN2022hru, SN 2022hru},
         year = 2022,
        month = may,
       volume = {2022-1274},
        pages = {1},
       adsurl = {https://ui.adsabs.harvard.edu/abs/2022TNSCR1274....1N},
      adsnote = {Provided by the SAO/NASA Astrophysics Data System}
}

@ARTICLE{Chu_2022TNSCR,
       author = {{Chu}, M. and {Dahiwale}, A. and {Fremling}, C.},
        title = "{ZTF Transient Classification Report for 2022-05-27}",
      journal = {Transient Name Server Classification Report},
     keywords = {Transient, Supernova, 2022joj, SN2022joj, SN 2022joj},
         year = 2022,
        month = may,
       volume = {2022-1458},
        pages = {1},
       adsurl = {https://ui.adsabs.harvard.edu/abs/2022TNSCR1458....1C},
      adsnote = {Provided by the SAO/NASA Astrophysics Data System}
}

@ARTICLE{Garavini_99aa_2004,
       author = {{Garavini}, G. and {Folatelli}, G. and {Goobar}, A. and {Nobili}, S. and {Aldering}, G. and {Amadon}, A. and {Amanullah}, R. and {Astier}, P. and {Balland}, C. and {Blanc}, G. and {Burns}, M.~S. and {Conley}, A. and {Dahl{\'e}n}, T. and {Deustua}, S.~E. and {Ellis}, R. and {Fabbro}, S. and {Fan}, X. and {Frye}, B. and {Gates}, E.~L. and {Gibbons}, R. and {Goldhaber}, G. and {Goldman}, B. and {Groom}, D.~E. and {Haissinski}, J. and {Hardin}, D. and {Hook}, I.~M. and {Howell}, D.~A. and {Kasen}, D. and {Kent}, S. and {Kim}, A.~G. and {Knop}, R.~A. and {Lee}, B.~C. and {Lidman}, C. and {Mendez}, J. and {Miller}, G.~J. and {Moniez}, M. and {Mour{\~a}o}, A. and {Newberg}, H. and {Nugent}, P.~E. and {Pain}, R. and {Perdereau}, O. and {Perlmutter}, S. and {Prasad}, V. and {Quimby}, R. and {Raux}, J. and {Regnault}, N. and {Rich}, J. and {Richards}, G.~T. and {Ruiz-Lapuente}, P. and {Sainton}, G. and {Schaefer}, B.~E. and {Schahmaneche}, K. and {Smith}, E. and {Spadafora}, A.~L. and {Stanishev}, V. and {Walton}, N.~A. and {Wang}, L. and {Wood-Vasey}, W.~M. and {Supernova Cosmology Project}},
        title = "{Spectroscopic Observations and Analysis of the Peculiar SN 1999aa}",
      journal = {\aj},
     keywords = {Stars: Supernovae: General, supernovae: individual (SN 1999aa), Astrophysics},
         year = 2004,
        month = jul,
       volume = {128},
       number = {1},
        pages = {387-404},
          doi = {10.1086/421747},
archivePrefix = {arXiv},
       eprint = {astro-ph/0404393},
 primaryClass = {astro-ph},
       adsurl = {https://ui.adsabs.harvard.edu/abs/2004AJ....128..387G},
      adsnote = {Provided by the SAO/NASA Astrophysics Data System}
}

@ARTICLE{Silverman_13bh_2013,
       author = {{Silverman}, Jeffrey M. and {Vinko}, Jozsef and {Kasliwal}, Mansi M. and {Fox}, Ori D. and {Cao}, Yi and {Johansson}, Joel and {Perley}, Daniel A. and {Tal}, David and {Wheeler}, J. Craig and {Amanullah}, Rahman and {Arcavi}, Iair and {Bloom}, Joshua S. and {Gal-Yam}, Avishay and {Goobar}, Ariel and {Kulkarni}, Shrinivas R. and {Laher}, Russ and {Lee}, William H. and {Marion}, G.~H. and {Nugent}, Peter E. and {Shivvers}, Isaac},
        title = "{SN 2000cx and SN 2013bh: extremely rare, nearly twin Type Ia supernovae}",
      journal = {\mnras},
     keywords = {supernovae: general, supernovae: individual: SN 2000cx, supernovae: individual: SN 2013bh, Astrophysics - Solar and Stellar Astrophysics, Astrophysics - Cosmology and Nongalactic Astrophysics},
         year = 2013,
        month = dec,
       volume = {436},
       number = {2},
        pages = {1225-1237},
          doi = {10.1093/mnras/stt1647},
archivePrefix = {arXiv},
       eprint = {1307.3555},
 primaryClass = {astro-ph.SR},
       adsurl = {https://ui.adsabs.harvard.edu/abs/2013MNRAS.436.1225S},
      adsnote = {Provided by the SAO/NASA Astrophysics Data System}
}

@ARTICLE{Burrow_2020,
       author = {{Burrow}, Anthony and {Baron}, E. and {Ashall}, Chris and {Burns}, Christopher R. and {Morrell}, N. and {Stritzinger}, Maximilian D. and {Brown}, Peter J. and {Folatelli}, G. and {Freedman}, Wendy L. and {Galbany}, Llu{\'\i}s and {Hoeflich}, P. and {Hsiao}, Eric Y. and {Krisciunas}, Kevin and {Phillips}, M.~M. and {Piro}, Anthony L. and {Suntzeff}, Nicholas B. and {Uddin}, Syed},
        title = "{Carnegie Supernova Project: Classification of Type Ia Supernovae}",
      journal = {\apj},
     keywords = {Type Ia supernovae, 1728, Astrophysics - High Energy Astrophysical Phenomena, Astrophysics - Solar and Stellar Astrophysics},
         year = 2020,
        month = oct,
       volume = {901},
       number = {2},
          eid = {154},
        pages = {154},
          doi = {10.3847/1538-4357/abafa2},
archivePrefix = {arXiv},
       eprint = {2008.07636},
 primaryClass = {astro-ph.HE},
       adsurl = {https://ui.adsabs.harvard.edu/abs/2020ApJ...901..154B},
      adsnote = {Provided by the SAO/NASA Astrophysics Data System}
}

@ARTICLE{Zheng_2018,
       author = {{Zheng}, WeiKang and {Kelly}, Patrick L. and {Filippenko}, Alexei V.},
        title = "{An Empirical Fitting Method to Type Ia Supernova Light Curves. III. A Three-parameter Relationship: Peak Magnitude, Rise Time, and Photospheric Velocity}",
      journal = {\apj},
     keywords = {galaxies: distances and redshifts, supernovae: general, Astrophysics - High Energy Astrophysical Phenomena},
         year = 2018,
        month = may,
       volume = {858},
       number = {2},
          eid = {104},
        pages = {104},
          doi = {10.3847/1538-4357/aabaeb},
archivePrefix = {arXiv},
       eprint = {1712.01495},
 primaryClass = {astro-ph.HE},
       adsurl = {https://ui.adsabs.harvard.edu/abs/2018ApJ...858..104Z},
      adsnote = {Provided by the SAO/NASA Astrophysics Data System}
}

@ARTICLE{Filippenko_91T_1992,
       author = {{Filippenko}, Alexei V. and {Richmond}, Michael W. and {Matheson}, Thomas and {Shields}, Joseph C. and {Burbidge}, E. Margaret and {Cohen}, Ross D. and {Dickinson}, Mark and {Malkan}, Matthew A. and {Nelson}, Brant and {Pietz}, Jochen and {Schlegel}, David and {Schmeer}, Patrick and {Spinrad}, Hyron and {Steidel}, Charles C. and {Tran}, Hien D. and {Wren}, William},
        title = "{The Peculiar Type IA SN 1991T: Detonation of a White Dwarf?}",
      journal = {\apjl},
     keywords = {Peculiar Stars, Stellar Spectra, Supernovae, White Dwarf Stars, Light Curve, Spectrum Analysis, Stellar Luminosity, Visible Spectrum, Astrophysics, STARS: INDIVIDUAL ALPHANUMERIC: SN 1991T, STARS: SUPERNOVAE: INDIVIDUAL ALPHANUMERIC: SN 1991T, STARS: WHITE DWARFS},
         year = 1992,
        month = jan,
       volume = {384},
        pages = {L15},
          doi = {10.1086/186252},
       adsurl = {https://ui.adsabs.harvard.edu/abs/1992ApJ...384L..15F},
      adsnote = {Provided by the SAO/NASA Astrophysics Data System}
}

@ARTICLE{Liu_20jgb_2023,
       author = {{Liu}, Chang and {Miller}, Adam A. and {Polin}, Abigail and {Nugent}, Anya E. and {De}, Kishalay and {Nugent}, Peter E. and {Schulze}, Steve and {Gal-Yam}, Avishay and {Fremling}, Christoffer and {Anand}, Shreya and {Andreoni}, Igor and {Blanchard}, Peter and {Brink}, Thomas G. and {Dhawan}, Suhail and {Filippenko}, Alexei V. and {Maguire}, Kate and {Schweyer}, Tassilo and {Sears}, Huei and {Sharma}, Yashvi and {Graham}, Matthew J. and {Groom}, Steven L. and {Hale}, David and {Kasliwal}, Mansi M. and {Masci}, Frank J. and {Purdum}, Josiah and {Racine}, Benjamin and {Sollerman}, Jesper and {Kulkarni}, Shrinivas R.},
        title = "{SN 2020jgb: A Peculiar Type Ia Supernova Triggered by a Helium-shell Detonation in a Star-forming Galaxy}",
      journal = {\apj},
     keywords = {Supernovae, Type Ia supernovae, White dwarf stars, Observational astronomy, Surveys, 1668, 1728, 1799, 1145, 1671, Astrophysics - High Energy Astrophysical Phenomena, Astrophysics - Astrophysics of Galaxies},
         year = 2023,
        month = apr,
       volume = {946},
       number = {2},
          eid = {83},
        pages = {83},
          doi = {10.3847/1538-4357/acbb5e},
archivePrefix = {arXiv},
       eprint = {2209.04463},
 primaryClass = {astro-ph.HE},
       adsurl = {https://ui.adsabs.harvard.edu/abs/2023ApJ...946...83L},
      adsnote = {Provided by the SAO/NASA Astrophysics Data System}
}

@ARTICLE{Branch_2006,
       author = {{Branch}, David and {Dang}, Leeann Chau and {Hall}, Nicholas and {Ketchum}, Wesley and {Melakayil}, Mercy and {Parrent}, Jerod and {Troxel}, M.~A. and {Casebeer}, D. and {Jeffery}, David J. and {Baron}, E.},
        title = "{Comparative Direct Analysis of Type Ia Supernova Spectra. II. Maximum Light}",
      journal = {\pasp},
     keywords = {Stars: Supernovae: General, Astrophysics},
         year = 2006,
        month = apr,
       volume = {118},
       number = {842},
        pages = {560-571},
          doi = {10.1086/502778},
archivePrefix = {arXiv},
       eprint = {astro-ph/0601048},
 primaryClass = {astro-ph},
       adsurl = {https://ui.adsabs.harvard.edu/abs/2006PASP..118..560B},
      adsnote = {Provided by the SAO/NASA Astrophysics Data System}
}

@ARTICLE{Branch_00cx_2004,
       author = {{Branch}, David and {Thomas}, R.~C. and {Baron}, E. and {Kasen}, Daniel and {Hatano}, Kazuhito and {Nomoto}, K. and {Filippenko}, Alexei V. and {Li}, Weidong and {Rudy}, Richard J.},
        title = "{Direct Analysis of Spectra of the Peculiar Type Ia Supernova 2000cx}",
      journal = {\apj},
     keywords = {Stars: Supernovae: General, Stars: Supernovae: Individual: Alphanumeric: SN 2000cx, Astrophysics},
         year = 2004,
        month = may,
       volume = {606},
       number = {1},
        pages = {413-423},
          doi = {10.1086/382950},
archivePrefix = {arXiv},
       eprint = {astro-ph/0401324},
 primaryClass = {astro-ph},
       adsurl = {https://ui.adsabs.harvard.edu/abs/2004ApJ...606..413B},
      adsnote = {Provided by the SAO/NASA Astrophysics Data System}
}

@ARTICLE{Li_00cx_2001,
       author = {{Li}, Weidong and {Filippenko}, Alexei V. and {Gates}, Elinor and {Chornock}, Ryan and {Gal-Yam}, Avishay and {Ofek}, Eran O. and {Leonard}, Douglas C. and {Modjaz}, Maryam and {Rich}, R. Michael and {Riess}, Adam G. and {Treffers}, Richard R.},
        title = "{The Unique Type Ia Supernova 2000cx in NGC 524}",
      journal = {\pasp},
     keywords = {Stars: Supernovae: General, Stars: Supernovae: Individual: Alphanumeric: SN 1991T, supernovae: individual (SN 2000cx), Astrophysics},
         year = 2001,
        month = oct,
       volume = {113},
       number = {788},
        pages = {1178-1204},
          doi = {10.1086/323355},
archivePrefix = {arXiv},
       eprint = {astro-ph/0107318},
 primaryClass = {astro-ph},
       adsurl = {https://ui.adsabs.harvard.edu/abs/2001PASP..113.1178L},
      adsnote = {Provided by the SAO/NASA Astrophysics Data System}
}

@ARTICLE{Leibundgut_91bg_1993,
       author = {{Leibundgut}, Bruno and {Kirshner}, Robert P. and {Phillips}, Mark M. and {Wells}, Lisa A. and {Suntzeff}, N.~B. and {Hamuy}, Mario and {Schommer}, R.~A. and {Walker}, A.~R. and {Gonzalez}, L. and {Ugarte}, P. and {Williams}, R.~E. and {Williger}, G. and {Gomez}, Mercedes and {Marzke}, Ronald and {Schmidt}, Brian P. and {Whitney}, Barbara and {Caldwell}, Nelson and {Peters}, J. and {Chaffee}, F.~H. and {Foltz}, Craig B. and {Rehner}, D. and {Siciliano}, L. and {Barnes}, T.~G. and {Cheng}, K. -P. and {Hintzen}, P.~M.~N. and {Kim}, Y. -C. and {Maza}, Jose and {Parker}, J. Wm. and {Porter}, A.~C. and {Schmidtke}, P.~C. and {Sonneborn}, George},
        title = "{SN 1991bg: A Type IA Supernova With a Difference}",
      journal = {\aj},
     keywords = {Astronomical Photometry, Light Curve, Stellar Luminosity, Stellar Spectra, Supernovae, Interstellar Extinction, Stellar Color, Stellar Mass Ejection, Astrophysics, SUPERNOVAE: INDIVIDUAL: SN 1991BG},
         year = 1993,
        month = jan,
       volume = {105},
        pages = {301},
          doi = {10.1086/116427},
       adsurl = {https://ui.adsabs.harvard.edu/abs/1993AJ....105..301L},
      adsnote = {Provided by the SAO/NASA Astrophysics Data System}
}

@ARTICLE{Matheson_cfaIa_2008,
       author = {{Matheson}, T. and {Kirshner}, R.~P. and {Challis}, P. and {Jha}, S. and {Garnavich}, P.~M. and {Berlind}, P. and {Calkins}, M.~L. and {Blondin}, S. and {Balog}, Z. and {Bragg}, A.~E. and {Caldwell}, N. and {Dendy Concannon}, K. and {Falco}, E.~E. and {Graves}, G.~J.~M. and {Huchra}, J.~P. and {Kuraszkiewicz}, J. and {Mader}, J.~A. and {Mahdavi}, A. and {Phelps}, M. and {Rines}, K. and {Song}, I. and {Wilkes}, B.~J.},
        title = "{Optical Spectroscopy of Type ia Supernovae}",
      journal = {\aj},
     keywords = {supernovae: general, surveys, Astrophysics},
         year = 2008,
        month = apr,
       volume = {135},
       number = {4},
        pages = {1598-1615},
          doi = {10.1088/0004-6256/135/4/1598},
archivePrefix = {arXiv},
       eprint = {0803.1705},
 primaryClass = {astro-ph},
       adsurl = {https://ui.adsabs.harvard.edu/abs/2008AJ....135.1598M},
      adsnote = {Provided by the SAO/NASA Astrophysics Data System}
}

@ARTICLE{Silverman_UCBIa_2012,
       author = {{Silverman}, Jeffrey M. and {Foley}, Ryan J. and {Filippenko}, Alexei V. and {Ganeshalingam}, Mohan and {Barth}, Aaron J. and {Chornock}, Ryan and {Griffith}, Christopher V. and {Kong}, Jason J. and {Lee}, Nicholas and {Leonard}, Douglas C. and {Matheson}, Thomas and {Miller}, Emily G. and {Steele}, Thea N. and {Barris}, Brian J. and {Bloom}, Joshua S. and {Cobb}, Bethany E. and {Coil}, Alison L. and {Desroches}, Louis-Benoit and {Gates}, Elinor L. and {Ho}, Luis C. and {Jha}, Saurabh W. and {Kandrashoff}, Michael T. and {Li}, Weidong and {Mandel}, Kaisey S. and {Modjaz}, Maryam and {Moore}, Matthew R. and {Mostardi}, Robin E. and {Papenkova}, Marina S. and {Park}, Sung and {Perley}, Daniel A. and {Poznanski}, Dovi and {Reuter}, Cassie A. and {Scala}, James and {Serduke}, Franklin J.~D. and {Shields}, Joseph C. and {Swift}, Brandon J. and {Tonry}, John L. and {Van Dyk}, Schuyler D. and {Wang}, Xiaofeng and {Wong}, Diane S.},
        title = "{Berkeley Supernova Ia Program - I. Observations, data reduction and spectroscopic sample of 582 low-redshift Type Ia supernovae}",
      journal = {\mnras},
     keywords = {surveys, supernovae: general, cosmology: observations, distance scale, Astrophysics - Cosmology and Nongalactic Astrophysics},
         year = 2012,
        month = sep,
       volume = {425},
       number = {3},
        pages = {1789-1818},
          doi = {10.1111/j.1365-2966.2012.21270.x},
archivePrefix = {arXiv},
       eprint = {1202.2128},
 primaryClass = {astro-ph.CO},
       adsurl = {https://ui.adsabs.harvard.edu/abs/2012MNRAS.425.1789S},
      adsnote = {Provided by the SAO/NASA Astrophysics Data System}
}

@ARTICLE{Arbour_1999,
       author = {{Arbour}, R. and {Papenkova}, M. and {Li}, W.~D. and {Filippenko}, A.~V. and {Armstrong}, M.},
        title = "{Supernova 1999by in NGC 2841}",
      journal = {\iaucirc},
         year = 1999,
        month = may,
       volume = {7156},
        pages = {1},
       adsurl = {https://ui.adsabs.harvard.edu/abs/1999IAUC.7156....1A},
      adsnote = {Provided by the SAO/NASA Astrophysics Data System}
}

@ARTICLE{Piro_2013,
       author = {{Piro}, Anthony L. and {Nakar}, Ehud},
        title = "{What can we Learn from the Rising Light Curves of Radioactively Powered Supernovae?}",
      journal = {\apj},
     keywords = {hydrodynamics, shock waves, supernovae: general, Astrophysics - High Energy Astrophysical Phenomena, Astrophysics - Solar and Stellar Astrophysics},
         year = 2013,
        month = may,
       volume = {769},
       number = {1},
          eid = {67},
        pages = {67},
          doi = {10.1088/0004-637X/769/1/67},
archivePrefix = {arXiv},
       eprint = {1210.3032},
 primaryClass = {astro-ph.HE},
       adsurl = {https://ui.adsabs.harvard.edu/abs/2013ApJ...769...67P},
      adsnote = {Provided by the SAO/NASA Astrophysics Data System}
}

@ARTICLE{Magee_2020,
       author = {{Magee}, M.~R. and {Maguire}, K.},
        title = "{An investigation of $^{56}$Ni shells as the source of early light curve bumps in type Ia supernovae}",
      journal = {\aap},
     keywords = {radiative transfer, supernovae: general, Astrophysics - High Energy Astrophysical Phenomena, Astrophysics - Solar and Stellar Astrophysics},
         year = 2020,
        month = oct,
       volume = {642},
          eid = {A189},
        pages = {A189},
          doi = {10.1051/0004-6361/202037870},
archivePrefix = {arXiv},
       eprint = {2007.02101},
 primaryClass = {astro-ph.HE},
       adsurl = {https://ui.adsabs.harvard.edu/abs/2020A&A...642A.189M},
      adsnote = {Provided by the SAO/NASA Astrophysics Data System}
}

@ARTICLE{Piro_2016,
       author = {{Piro}, Anthony L. and {Morozova}, Viktoriya S.},
        title = "{Exploring the Potential Diversity of Early Type Ia Supernova Light Curves}",
      journal = {\apj},
     keywords = {hydrodynamics, radiative transfer, supernovae: general, white dwarfs, Astrophysics - High Energy Astrophysical Phenomena, Astrophysics - Solar and Stellar Astrophysics},
         year = 2016,
        month = jul,
       volume = {826},
       number = {1},
          eid = {96},
        pages = {96},
          doi = {10.3847/0004-637X/826/1/96},
archivePrefix = {arXiv},
       eprint = {1512.03442},
 primaryClass = {astro-ph.HE},
       adsurl = {https://ui.adsabs.harvard.edu/abs/2016ApJ...826...96P},
      adsnote = {Provided by the SAO/NASA Astrophysics Data System}
}

@ARTICLE{Jerkstrand_2015,
       author = {{Jerkstrand}, A. and {Smartt}, S.~J. and {Sollerman}, J. and {Inserra}, C. and {Fraser}, M. and {Spyromilio}, J. and {Fransson}, C. and {Chen}, T. -W. and {Barbarino}, C. and {Dall'Ora}, M. and {Botticella}, M.~T. and {Della Valle}, M. and {Gal-Yam}, A. and {Valenti}, S. and {Maguire}, K. and {Mazzali}, P. and {Tomasella}, L.},
        title = "{Supersolar Ni/Fe production in the Type IIP SN 2012ec}",
      journal = {\mnras},
     keywords = {line: formation, nuclear reactions, nucleosynthesis, abundances, stars: evolution, supernovae: general, supernovae: individual: SN 2012ec, Astrophysics - Solar and Stellar Astrophysics},
         year = 2015,
        month = apr,
       volume = {448},
       number = {3},
        pages = {2482-2494},
          doi = {10.1093/mnras/stv087},
archivePrefix = {arXiv},
       eprint = {1410.8394},
 primaryClass = {astro-ph.SR},
       adsurl = {https://ui.adsabs.harvard.edu/abs/2015MNRAS.448.2482J},
      adsnote = {Provided by the SAO/NASA Astrophysics Data System}
}

@ARTICLE{Fransson_2015,
       author = {{Fransson}, Claes and {Jerkstrand}, Anders},
        title = "{Reconciling the Infrared Catastrophe and Observations of SN 2011fe}",
      journal = {\apjl},
     keywords = {supernovae: general, supernovae: individual: SN 2011fe, Astrophysics - Solar and Stellar Astrophysics},
         year = 2015,
        month = nov,
       volume = {814},
       number = {1},
          eid = {L2},
        pages = {L2},
          doi = {10.1088/2041-8205/814/1/L2},
archivePrefix = {arXiv},
       eprint = {1511.00245},
 primaryClass = {astro-ph.SR},
       adsurl = {https://ui.adsabs.harvard.edu/abs/2015ApJ...814L...2F},
      adsnote = {Provided by the SAO/NASA Astrophysics Data System}
}

@ARTICLE{Iwamoto_1999,
       author = {{Iwamoto}, Koichi and {Brachwitz}, Franziska and {Nomoto}, Ken'ICHI and {Kishimoto}, Nobuhiro and {Umeda}, Hideyuki and {Hix}, W. Raphael and {Thielemann}, Friedrich-Karl},
        title = "{Nucleosynthesis in Chandrasekhar Mass Models for Type IA Supernovae and Constraints on Progenitor Systems and Burning-Front Propagation}",
      journal = {\apjs},
     keywords = {NUCLEAR REACTIONS, NUCLEOSYNTHESIS, ABUNDANCES, STARS: INTERIORS, SUPERNOVAE: GENERAL, Nuclear Reactions, Nucleosynthesis, Abundances, Stars: Interiors, supernovae: general, Astrophysics},
         year = 1999,
        month = dec,
       volume = {125},
       number = {2},
        pages = {439-462},
          doi = {10.1086/313278},
archivePrefix = {arXiv},
       eprint = {astro-ph/0002337},
 primaryClass = {astro-ph},
       adsurl = {https://ui.adsabs.harvard.edu/abs/1999ApJS..125..439I},
      adsnote = {Provided by the SAO/NASA Astrophysics Data System}
}

@ARTICLE{Seitenzahl_2013,
       author = {{Seitenzahl}, Ivo R. and {Ciaraldi-Schoolmann}, Franco and {R{\"o}pke}, Friedrich K. and {Fink}, Michael and {Hillebrandt}, Wolfgang and {Kromer}, Markus and {Pakmor}, R{\"u}diger and {Ruiter}, Ashley J. and {Sim}, Stuart A. and {Taubenberger}, Stefan},
        title = "{Three-dimensional delayed-detonation models with nucleosynthesis for Type Ia supernovae}",
      journal = {\mnras},
     keywords = {nuclear reactions, nucleosynthesis, abundances, supernovae: general, white dwarfs, Astrophysics - Solar and Stellar Astrophysics, Astrophysics - High Energy Astrophysical Phenomena},
         year = 2013,
        month = feb,
       volume = {429},
       number = {2},
        pages = {1156-1172},
          doi = {10.1093/mnras/sts402},
archivePrefix = {arXiv},
       eprint = {1211.3015},
 primaryClass = {astro-ph.SR},
       adsurl = {https://ui.adsabs.harvard.edu/abs/2013MNRAS.429.1156S},
      adsnote = {Provided by the SAO/NASA Astrophysics Data System}
}

@ARTICLE{Nomoto_1984,
       author = {{Nomoto}, K.},
        title = "{Evolution of 8-10 solar mass stars toward electron capture supernovae. I - Formation of electron-degenerate O + NE + MG cores.}",
      journal = {\apj},
     keywords = {Abundance, Electron Capture, Stellar Evolution, Stellar Structure, Supernovae, Carbon Stars, Gravitational Collapse, Magnesium, Milky Way Galaxy, Neon, Nuclear Fusion, Oxygen, White Dwarf Stars, Astrophysics},
         year = 1984,
        month = feb,
       volume = {277},
        pages = {791-805},
          doi = {10.1086/161749},
       adsurl = {https://ui.adsabs.harvard.edu/abs/1984ApJ...277..791N},
      adsnote = {Provided by the SAO/NASA Astrophysics Data System}
}

@ARTICLE{Nomoto_1984b,
       author = {{Nomoto}, K. and {Thielemann}, F. -K. and {Yokoi}, K.},
        title = "{Accreting white dwarf models for type I supern. III. Carbon deflagration supernovae.}",
      journal = {\apj},
     keywords = {Carbon Stars, Deflagration, Nuclear Fusion, Stellar Mass Accretion, Supernovae, White Dwarf Stars, Hydrodynamics, Light Curve, Neutrinos, Stellar Composition, Stellar Models, Wave Propagation, Astrophysics},
         year = 1984,
        month = nov,
       volume = {286},
        pages = {644-658},
          doi = {10.1086/162639},
       adsurl = {https://ui.adsabs.harvard.edu/abs/1984ApJ...286..644N},
      adsnote = {Provided by the SAO/NASA Astrophysics Data System}
}

@ARTICLE{Khokhlov_1991,
       author = {{Khokhlov}, A.~M.},
        title = "{Nucleosynthesis in delayed detonation models of type IA supernovae.}",
      journal = {\aap},
     keywords = {Nuclear Astrophysics, Stellar Models, Supernovae, Hydrodynamics, White Dwarf Stars, Astrophysics},
         year = 1991,
        month = may,
       volume = {245},
        pages = {L25},
       adsurl = {https://ui.adsabs.harvard.edu/abs/1991A&A...245L..25K},
      adsnote = {Provided by the SAO/NASA Astrophysics Data System}
}

@ARTICLE{Shingles_2022,
       author = {{Shingles}, Luke J. and {Fl{\"o}rs}, Andreas and {Sim}, Stuart A. and {Collins}, Christine E. and {R{\"o}pke}, Friedrich K. and {Seitenzahl}, Ivo R. and {Shen}, Ken J.},
        title = "{Modelling the ionization state of Type Ia supernovae in the nebular phase}",
      journal = {\mnras},
     keywords = {atomic processes, line: formation, radiative transfer, methods: numerical, transients: supernovae, Astrophysics - High Energy Astrophysical Phenomena},
         year = 2022,
        month = jun,
       volume = {512},
       number = {4},
        pages = {6150-6163},
          doi = {10.1093/mnras/stac902},
archivePrefix = {arXiv},
       eprint = {2203.16561},
 primaryClass = {astro-ph.HE},
       adsurl = {https://ui.adsabs.harvard.edu/abs/2022MNRAS.512.6150S},
      adsnote = {Provided by the SAO/NASA Astrophysics Data System}
}

@ARTICLE{Bulla_2016,
       author = {{Bulla}, M. and {Sim}, S.~A. and {Kromer}, M. and {Seitenzahl}, I.~R. and {Fink}, M. and {Ciaraldi-Schoolmann}, F. and {R{\"o}pke}, F.~K. and {Hillebrandt}, W. and {Pakmor}, R. and {Ruiter}, A.~J. and {Taubenberger}, S.},
        title = "{Predicting polarization signatures for double-detonation and delayed-detonation models of Type Ia supernovae}",
      journal = {\mnras},
     keywords = {hydrodynamics, polarization, radiative transfer, methods: numerical, supernovae: general, Astrophysics - High Energy Astrophysical Phenomena, Astrophysics - Solar and Stellar Astrophysics},
         year = 2016,
        month = oct,
       volume = {462},
       number = {1},
        pages = {1039-1056},
          doi = {10.1093/mnras/stw1733},
archivePrefix = {arXiv},
       eprint = {1607.04081},
 primaryClass = {astro-ph.HE},
       adsurl = {https://ui.adsabs.harvard.edu/abs/2016MNRAS.462.1039B},
      adsnote = {Provided by the SAO/NASA Astrophysics Data System}
}

@ARTICLE{Li_2021,
       author = {{Li}, Wenxiong and {Wang}, Xiaofeng and {Bulla}, Mattia and {Pan}, Yen-Chen and {Wang}, Lifan and {Mo}, Jun and {Zhang}, Jujia and {Wu}, Chengyuan and {Zhang}, Jicheng and {Zhang}, Tianmeng and {Xiang}, Danfeng and {Lin}, Han and {Sai}, Hanna and {Zhang}, Xinghan and {Chen}, Zhihao and {Yan}, Shengyu},
        title = "{Can the Helium-detonation Model Explain the Observed Diversity of Type Ia Supernovae?}",
      journal = {\apj},
     keywords = {Type Ia supernovae, Observational astronomy, Helium burning, Optical observation, 1728, 1145, 716, 1169, Astrophysics - Solar and Stellar Astrophysics, Astrophysics - Astrophysics of Galaxies},
         year = 2021,
        month = jan,
       volume = {906},
       number = {2},
          eid = {99},
        pages = {99},
          doi = {10.3847/1538-4357/abc9b5},
archivePrefix = {arXiv},
       eprint = {2011.07240},
 primaryClass = {astro-ph.SR},
       adsurl = {https://ui.adsabs.harvard.edu/abs/2021ApJ...906...99L},
      adsnote = {Provided by the SAO/NASA Astrophysics Data System}
}

@ARTICLE{Maeda_2010,
       author = {{Maeda}, K. and {Benetti}, S. and {Stritzinger}, M. and {R{\"o}pke}, F.~K. and {Folatelli}, G. and {Sollerman}, J. and {Taubenberger}, S. and {Nomoto}, K. and {Leloudas}, G. and {Hamuy}, M. and {Tanaka}, M. and {Mazzali}, P.~A. and {Elias-Rosa}, N.},
        title = "{An asymmetric explosion as the origin of spectral evolution diversity in type Ia supernovae}",
      journal = {\nat},
     keywords = {Astrophysics - Cosmology and Nongalactic Astrophysics, Astrophysics - High Energy Astrophysical Phenomena, Astrophysics - Solar and Stellar Astrophysics},
         year = 2010,
        month = jul,
       volume = {466},
       number = {7302},
        pages = {82-85},
          doi = {10.1038/nature09122},
archivePrefix = {arXiv},
       eprint = {1006.5888},
 primaryClass = {astro-ph.CO},
       adsurl = {https://ui.adsabs.harvard.edu/abs/2010Natur.466...82M},
      adsnote = {Provided by the SAO/NASA Astrophysics Data System}
}

@ARTICLE{Wilk_2020,
       author = {{Wilk}, Kevin D. and {Hillier}, D. John and {Dessart}, Luc},
        title = "{Understanding nebular spectra of Type Ia supernovae}",
      journal = {\mnras},
     keywords = {radiative transfer, supernovae: general, white dwarfs, Astrophysics - Solar and Stellar Astrophysics, Astrophysics - High Energy Astrophysical Phenomena},
         year = 2020,
        month = may,
       volume = {494},
       number = {2},
        pages = {2221-2235},
          doi = {10.1093/mnras/staa640},
archivePrefix = {arXiv},
       eprint = {1906.01048},
 primaryClass = {astro-ph.SR},
       adsurl = {https://ui.adsabs.harvard.edu/abs/2020MNRAS.494.2221W},
      adsnote = {Provided by the SAO/NASA Astrophysics Data System}
}

@ARTICLE{Graham_2017,
       author = {{Graham}, M.~L. and {Kumar}, S. and {Hosseinzadeh}, G. and {Hiramatsu}, D. and {Arcavi}, I. and {Howell}, D.~A. and {Valenti}, S. and {Sand}, D.~J. and {Parrent}, J.~T. and {McCully}, C. and {Filippenko}, A.~V.},
        title = "{Nebular-phase spectra of nearby Type Ia Supernovae}",
      journal = {\mnras},
     keywords = {supernovae: general, supernovae: individual: SN2012fr, SN2012hr, SN2013aa, SN2013cs, ASASSN-14jg, SN2015F, SN2013dy, SN2013gy, Astrophysics - High Energy Astrophysical Phenomena},
         year = 2017,
        month = dec,
       volume = {472},
       number = {3},
        pages = {3437-3454},
          doi = {10.1093/mnras/stx2224},
archivePrefix = {arXiv},
       eprint = {1708.07799},
 primaryClass = {astro-ph.HE},
       adsurl = {https://ui.adsabs.harvard.edu/abs/2017MNRAS.472.3437G},
      adsnote = {Provided by the SAO/NASA Astrophysics Data System}
}

@ARTICLE{Phillips_1999,
       author = {{Phillips}, M.~M. and {Lira}, Paulina and {Suntzeff}, Nicholas B. and {Schommer}, R.~A. and {Hamuy}, Mario and {Maza}, Jos{\'e}},
        title = "{The Reddening-Free Decline Rate Versus Luminosity Relationship for Type IA Supernovae}",
      journal = {\aj},
     keywords = {COSMOLOGY: DISTANCE SCALE, STARS: SUPERNOVAE: GENERAL, Astrophysics},
         year = 1999,
        month = oct,
       volume = {118},
       number = {4},
        pages = {1766-1776},
          doi = {10.1086/301032},
archivePrefix = {arXiv},
       eprint = {astro-ph/9907052},
 primaryClass = {astro-ph},
       adsurl = {https://ui.adsabs.harvard.edu/abs/1999AJ....118.1766P},
      adsnote = {Provided by the SAO/NASA Astrophysics Data System}
}

@INCOLLECTION{Taubenberger_2017,
       author = {{Taubenberger}, Stefan},
        title = "{The Extremes of Thermonuclear Supernovae}",
     keywords = {Physics, Astrophysics - High Energy Astrophysical Phenomena, Astrophysics - Solar and Stellar Astrophysics},
    booktitle = {Handbook of Supernovae},
    publisher = {Springer},
         year = 2017,
       editor = {{Alsabti}, Athem W. and {Murdin}, Paul},
        pages = {317},
          doi = {10.1007/978-3-319-21846-5_37},
       adsurl = {https://ui.adsabs.harvard.edu/abs/2017hsn..book..317T},
      adsnote = {Provided by the SAO/NASA Astrophysics Data System}
}

@MASTERSTHESIS{Lira_1996,
       author = {{Lira}, P.},
        title = "{Light curves of the supernovae 1990N and 1990T}",
       school = {-},
         year = 1996,
        month = jan,
       adsurl = {https://ui.adsabs.harvard.edu/abs/1996MsT..........3L},
      adsnote = {Provided by the SAO/NASA Astrophysics Data System}
}

@ARTICLE{Mazzali_1997,
       author = {{Mazzali}, P.~A. and {Chugai}, N. and {Turatto}, M. and {Lucy}, L.~B. and {Danziger}, I.~J. and {Cappellaro}, E. and {della Valle}, M. and {Benetti}, S.},
        title = "{The properties of the peculiar type IA supernova 1991bg - II. The amount of \^56Ni and the total ejecta mass determined from spectrum synthesis and energetics considerations}",
      journal = {\mnras},
     keywords = {LINE: FORMATION, LINE: IDENTIFICATION, NUCLEAR REACTIONS, NUCLEOSYNTHESIS, ABUNDANCES, STARS: ABUNDANCES, SUPERNOVAE: INDIVIDUAL: SN 1991BG},
         year = 1997,
        month = jan,
       volume = {284},
       number = {1},
        pages = {151-171},
          doi = {10.1093/mnras/284.1.151},
       adsurl = {https://ui.adsabs.harvard.edu/abs/1997MNRAS.284..151M},
      adsnote = {Provided by the SAO/NASA Astrophysics Data System}
}

@ARTICLE{Miller_ZTF_2020,
       author = {{Miller}, A.~A. and {Yao}, Y. and {Bulla}, M. and {Pankow}, C. and {Bellm}, E.~C. and {Cenko}, S.~B. and {Dekany}, R. and {Fremling}, C. and {Graham}, M.~J. and {Kupfer}, T. and {Laher}, R.~R. and {Mahabal}, A.~A. and {Masci}, F.~J. and {Nugent}, P.~E. and {Riddle}, R. and {Rusholme}, B. and {Smith}, R.~M. and {Shupe}, D.~L. and {van Roestel}, J. and {Kulkarni}, S.~R.},
        title = "{ZTF Early Observations of Type Ia Supernovae. II. First Light, the Initial Rise, and Time to Reach Maximum Brightness}",
      journal = {\apj},
     keywords = {Type Ia supernovae, Surveys, Catalogs, Observational astronomy, Supernovae, 1728, 1671, 205, 1145, 1668, Astrophysics - High Energy Astrophysical Phenomena},
         year = 2020,
        month = oct,
       volume = {902},
       number = {1},
          eid = {47},
        pages = {47},
          doi = {10.3847/1538-4357/abb13b},
archivePrefix = {arXiv},
       eprint = {2001.00598},
 primaryClass = {astro-ph.HE},
       adsurl = {https://ui.adsabs.harvard.edu/abs/2020ApJ...902...47M},
      adsnote = {Provided by the SAO/NASA Astrophysics Data System}
}

@ARTICLE{Marion_12cg_2016,
       author = {{Marion}, G.~H. and {Brown}, Peter J. and {Vink{\'o}}, Jozsef and {Silverman}, Jeffrey M. and {Sand}, David J. and {Challis}, Peter and {Kirshner}, Robert P. and {Wheeler}, J. Craig and {Berlind}, Perry and {Brown}, Warren R. and {Calkins}, Michael L. and {Camacho}, Yssavo and {Dhungana}, Govinda and {Foley}, Ryan J. and {Friedman}, Andrew S. and {Graham}, Melissa L. and {Howell}, D. Andrew and {Hsiao}, Eric Y. and {Irwin}, Jonathan M. and {Jha}, Saurabh W. and {Kehoe}, Robert and {Macri}, Lucas M. and {Maeda}, Keiichi and {Mandel}, Kaisey and {McCully}, Curtis and {Pandya}, Viraj and {Rines}, Kenneth J. and {Wilhelmy}, Steven and {Zheng}, Weikang},
        title = "{SN 2012cg: Evidence for Interaction Between a Normal Type Ia Supernova and a Non-degenerate Binary Companion}",
      journal = {\apj},
     keywords = {supernovae: general, supernovae: individual: 2012cg, Astrophysics - Solar and Stellar Astrophysics, Astrophysics - High Energy Astrophysical Phenomena},
         year = 2016,
        month = apr,
       volume = {820},
       number = {2},
          eid = {92},
        pages = {92},
          doi = {10.3847/0004-637X/820/2/92},
archivePrefix = {arXiv},
       eprint = {1507.07261},
 primaryClass = {astro-ph.SR},
       adsurl = {https://ui.adsabs.harvard.edu/abs/2016ApJ...820...92M},
      adsnote = {Provided by the SAO/NASA Astrophysics Data System}
}

@ARTICLE{Cao_14atg_2015,
       author = {{Cao}, Yi and {Kulkarni}, S.~R. and {Howell}, D. Andrew and {Gal-Yam}, Avishay and {Kasliwal}, Mansi M. and {Valenti}, Stefano and {Johansson}, J. and {Amanullah}, R. and {Goobar}, A. and {Sollerman}, J. and {Taddia}, F. and {Horesh}, Assaf and {Sagiv}, Ilan and {Cenko}, S. Bradley and {Nugent}, Peter E. and {Arcavi}, Iair and {Surace}, Jason and {Wo{\'z}niak}, P.~R. and {Moody}, Daniela I. and {Rebbapragada}, Umaa D. and {Bue}, Brian D. and {Gehrels}, Neil},
        title = "{A strong ultraviolet pulse from a newborn type Ia supernova}",
      journal = {\nat},
     keywords = {Astrophysics - Solar and Stellar Astrophysics, Astrophysics - Cosmology and Nongalactic Astrophysics, Astrophysics - High Energy Astrophysical Phenomena},
         year = 2015,
        month = may,
       volume = {521},
       number = {7552},
        pages = {328-331},
          doi = {10.1038/nature14440},
archivePrefix = {arXiv},
       eprint = {1505.05158},
 primaryClass = {astro-ph.SR},
       adsurl = {https://ui.adsabs.harvard.edu/abs/2015Natur.521..328C},
      adsnote = {Provided by the SAO/NASA Astrophysics Data System}
}

@ARTICLE{Hosseinzadeh_17cbv_2017,
       author = {{Hosseinzadeh}, Griffin and {Sand}, David J. and {Valenti}, Stefano and {Brown}, Peter and {Howell}, D. Andrew and {McCully}, Curtis and {Kasen}, Daniel and {Arcavi}, Iair and {Bostroem}, K. Azalee and {Tartaglia}, Leonardo and {Hsiao}, Eric Y. and {Davis}, Scott and {Shahbandeh}, Melissa and {Stritzinger}, Maximilian D.},
        title = "{Early Blue Excess from the Type Ia Supernova 2017cbv and Implications for Its Progenitor}",
      journal = {\apjl},
     keywords = {supernovae: general, supernovae: individual: SN 2017cbv, Astrophysics - High Energy Astrophysical Phenomena, Astrophysics - Solar and Stellar Astrophysics},
         year = 2017,
        month = aug,
       volume = {845},
       number = {2},
          eid = {L11},
        pages = {L11},
          doi = {10.3847/2041-8213/aa8402},
archivePrefix = {arXiv},
       eprint = {1706.08990},
 primaryClass = {astro-ph.HE},
       adsurl = {https://ui.adsabs.harvard.edu/abs/2017ApJ...845L..11H},
      adsnote = {Provided by the SAO/NASA Astrophysics Data System}
}

@ARTICLE{Dimitriadis_21zny_2023,
       author = {{Dimitriadis}, Georgios and {Maguire}, Kate and {Karambelkar}, Viraj R. and {Lebron}, Ryan J. and {Liu}, Chang and {Kozyreva}, Alexandra and {Miller}, Adam A. and {Ridden-Harper}, Ryan and {Anderson}, Joseph P. and {Chen}, Ting-Wan and {Coughlin}, Michael and {Della Valle}, Massimo and {Drake}, Andrew and {Galbany}, Llu{\'\i}s and {Gromadzki}, Mariusz and {Groom}, Steven L. and {Guti{\'e}rrez}, Claudia P. and {Ihanec}, Nada and {Inserra}, Cosimo and {Johansson}, Joel and {M{\"u}ller-Bravo}, Tom{\'a}s E. and {Nicholl}, Matt and {Polin}, Abigail and {Rusholme}, Ben and {Schulze}, Steve and {Sollerman}, Jesper and {Srivastav}, Shubham and {Taggart}, Kirsty and {Wang}, Qinan and {Yang}, Yi and {Young}, David R.},
        title = "{SN 2021zny: an early flux excess combined with late-time oxygen emission suggests a double white dwarf merger event}",
      journal = {\mnras},
     keywords = {transients: supernovae, supernovae: individual: 2021zny, Astrophysics - High Energy Astrophysical Phenomena},
         year = 2023,
        month = may,
       volume = {521},
       number = {1},
        pages = {1162-1183},
          doi = {10.1093/mnras/stad536},
archivePrefix = {arXiv},
       eprint = {2302.08228},
 primaryClass = {astro-ph.HE},
       adsurl = {https://ui.adsabs.harvard.edu/abs/2023MNRAS.521.1162D},
      adsnote = {Provided by the SAO/NASA Astrophysics Data System}
}

@ARTICLE{Jiang_20hvf_2021,
       author = {{Jiang}, Ji-an and {Maeda}, Keiichi and {Kawabata}, Miho and {Doi}, Mamoru and {Shigeyama}, Toshikazu and {Tanaka}, Masaomi and {Tominaga}, Nozomu and {Nomoto}, Ken'ichi and {Niino}, Yuu and {Sako}, Shigeyuki and {Ohsawa}, Ryou and {Schramm}, Malte and {Yamanaka}, Masayuki and {Kobayashi}, Naoto and {Takahashi}, Hidenori and {Nakaoka}, Tatsuya and {Kawabata}, Koji S. and {Isogai}, Keisuke and {Aoki}, Tsutomu and {Kondo}, Sohei and {Mori}, Yuki and {Arimatsu}, Ko and {Kasuga}, Toshihiro and {Okumura}, Shin-ichiro and {Urakawa}, Seitaro and {Reichart}, Daniel E. and {Taguchi}, Kenta and {Arima}, Noriaki and {Beniyama}, Jin and {Uno}, Kohki and {Hamada}, Taisei},
        title = "{Discovery of the Fastest Early Optical Emission from Overluminous SN Ia 2020hvf: A Thermonuclear Explosion within a Dense Circumstellar Environment}",
      journal = {\apjl},
     keywords = {1668, 1728, 2109, 1851, 1799, Astrophysics - High Energy Astrophysical Phenomena, Astrophysics - Solar and Stellar Astrophysics},
         year = 2021,
        month = dec,
       volume = {923},
       number = {1},
          eid = {L8},
        pages = {L8},
          doi = {10.3847/2041-8213/ac375f},
archivePrefix = {arXiv},
       eprint = {2111.09470},
 primaryClass = {astro-ph.HE},
       adsurl = {https://ui.adsabs.harvard.edu/abs/2021ApJ...923L...8J},
      adsnote = {Provided by the SAO/NASA Astrophysics Data System}
}

@ARTICLE{Siebert_2020,
       author = {{Siebert}, Matthew R. and {Dimitriadis}, Georgios and {Polin}, Abigail and {Foley}, Ryan J.},
        title = "{Strong Calcium Emission Indicates that the Ultraviolet-flashing SN Ia 2019yvq Was the Result of a Sub-Chandrasekar-mass Double-detonation Explosion}",
      journal = {\apjl},
     keywords = {Supernovae, Observational astronomy, White dwarf stars, Type Ia supernovae, 1668, 1145, 1799, 1728, Astrophysics - High Energy Astrophysical Phenomena, Astrophysics - Solar and Stellar Astrophysics},
         year = 2020,
        month = sep,
       volume = {900},
       number = {2},
          eid = {L27},
        pages = {L27},
          doi = {10.3847/2041-8213/abae6e},
archivePrefix = {arXiv},
       eprint = {2007.13793},
 primaryClass = {astro-ph.HE},
       adsurl = {https://ui.adsabs.harvard.edu/abs/2020ApJ...900L..27S},
      adsnote = {Provided by the SAO/NASA Astrophysics Data System}
}

@ARTICLE{Nugent_2023,
       author = {{Nugent}, Anya E. and {Polin}, Abigail E. and {Nugent}, Peter E.},
        title = "{The Host Galaxies of Sub-Chandrasekhar Mass Type Ia Supernovae}",
      journal = {arXiv e-prints},
     keywords = {Astrophysics - Cosmology and Nongalactic Astrophysics, Astrophysics - High Energy Astrophysical Phenomena},
         year = 2023,
        month = apr,
          eid = {arXiv:2304.10601},
        pages = {arXiv:2304.10601},
          doi = {10.48550/arXiv.2304.10601},
archivePrefix = {arXiv},
       eprint = {2304.10601},
 primaryClass = {astro-ph.CO},
       adsurl = {https://ui.adsabs.harvard.edu/abs/2023arXiv230410601N},
      adsnote = {Provided by the SAO/NASA Astrophysics Data System}
}

@ARTICLE{Flors_2020,
       author = {{Fl{\"o}rs}, A. and {Spyromilio}, J. and {Taubenberger}, S. and {Blondin}, S. and {Cartier}, R. and {Leibundgut}, B. and {Dessart}, L. and {Dhawan}, S. and {Hillebrandt}, W.},
        title = "{Sub-Chandrasekhar progenitors favoured for Type Ia supernovae: evidence from late-time spectroscopy}",
      journal = {\mnras},
     keywords = {line: formation, line: identification, radiation mechanisms: thermal, supernovae: general, supernovae: individual: SN 2015F, SN 2017bzc, Astrophysics - High Energy Astrophysical Phenomena, Astrophysics - Solar and Stellar Astrophysics},
         year = 2020,
        month = jan,
       volume = {491},
       number = {2},
        pages = {2902-2918},
          doi = {10.1093/mnras/stz3013},
archivePrefix = {arXiv},
       eprint = {1909.11055},
 primaryClass = {astro-ph.HE},
       adsurl = {https://ui.adsabs.harvard.edu/abs/2020MNRAS.491.2902F},
      adsnote = {Provided by the SAO/NASA Astrophysics Data System}
}

@ARTICLE{Kasen_2010,
       author = {{Kasen}, Daniel},
        title = "{Seeing the Collision of a Supernova with Its Companion Star}",
      journal = {\apj},
     keywords = {binaries: general, supernovae: general, X-rays: bursts, Astrophysics - High Energy Astrophysical Phenomena, Astrophysics - Solar and Stellar Astrophysics},
         year = 2010,
        month = jan,
       volume = {708},
       number = {2},
        pages = {1025-1031},
          doi = {10.1088/0004-637X/708/2/1025},
archivePrefix = {arXiv},
       eprint = {0909.0275},
 primaryClass = {astro-ph.HE},
       adsurl = {https://ui.adsabs.harvard.edu/abs/2010ApJ...708.1025K},
      adsnote = {Provided by the SAO/NASA Astrophysics Data System}
}

@ARTICLE{Noebauer_2017,
       author = {{Noebauer}, U.~M. and {Kromer}, M. and {Taubenberger}, S. and {Baklanov}, P. and {Blinnikov}, S. and {Sorokina}, E. and {Hillebrandt}, W.},
        title = "{Early light curves for Type Ia supernova explosion models}",
      journal = {\mnras},
     keywords = {hydrodynamics, radiative transfer, supernovae: general, Astrophysics - High Energy Astrophysical Phenomena},
         year = 2017,
        month = dec,
       volume = {472},
       number = {3},
        pages = {2787-2799},
          doi = {10.1093/mnras/stx2093},
archivePrefix = {arXiv},
       eprint = {1706.03613},
 primaryClass = {astro-ph.HE},
       adsurl = {https://ui.adsabs.harvard.edu/abs/2017MNRAS.472.2787N},
      adsnote = {Provided by the SAO/NASA Astrophysics Data System}
}

@ARTICLE{Blondin_2022,
       author = {{Blondin}, S. and {Bravo}, E. and {Timmes}, F.~X. and {Dessart}, L. and {Hillier}, D.~J.},
        title = "{Stable nickel production in type Ia supernovae: A smoking gun for the progenitor mass?}",
      journal = {\aap},
     keywords = {supernovae: general, nuclear reactions, nucleosynthesis, abundances, supernovae: individual: SN 2017bzc, radiative transfer, Astrophysics - Solar and Stellar Astrophysics, Astrophysics - High Energy Astrophysical Phenomena},
         year = 2022,
        month = apr,
       volume = {660},
          eid = {A96},
        pages = {A96},
          doi = {10.1051/0004-6361/202142323},
archivePrefix = {arXiv},
       eprint = {2109.13840},
 primaryClass = {astro-ph.SR},
       adsurl = {https://ui.adsabs.harvard.edu/abs/2022A&A...660A..96B},
      adsnote = {Provided by the SAO/NASA Astrophysics Data System}
}

@ARTICLE{Blondin_2013,
       author = {{Blondin}, St{\'e}phane and {Dessart}, Luc and {Hillier}, D. John and {Khokhlov}, Alexei M.},
        title = "{One-dimensional delayed-detonation models of Type Ia supernovae: confrontation to observations at bolometric maximum}",
      journal = {\mnras},
     keywords = {radiative transfer, supernovae: general, Astrophysics - Solar and Stellar Astrophysics, Astrophysics - Cosmology and Nongalactic Astrophysics},
         year = 2013,
        month = mar,
       volume = {429},
       number = {3},
        pages = {2127-2142},
          doi = {10.1093/mnras/sts484},
archivePrefix = {arXiv},
       eprint = {1211.5892},
 primaryClass = {astro-ph.SR},
       adsurl = {https://ui.adsabs.harvard.edu/abs/2013MNRAS.429.2127B},
      adsnote = {Provided by the SAO/NASA Astrophysics Data System}
}

@ARTICLE{Brown_2018,
       author = {{Brown}, Peter J. and {Perry}, Jonathan M. and {Beeny}, Britton A. and {Milne}, Peter A. and {Wang}, Xiaofeng},
        title = "{The Ultraviolet Colors of Type Ia Supernovae and Their Photospheric Velocities}",
      journal = {\apj},
     keywords = {techniques: photometric, supernovae: general, distance scale, ultraviolet: general, Astrophysics - High Energy Astrophysical Phenomena},
         year = 2018,
        month = nov,
       volume = {867},
       number = {1},
          eid = {56},
        pages = {56},
          doi = {10.3847/1538-4357/aae1ad},
archivePrefix = {arXiv},
       eprint = {1807.10391},
 primaryClass = {astro-ph.HE},
       adsurl = {https://ui.adsabs.harvard.edu/abs/2018ApJ...867...56B},
      adsnote = {Provided by the SAO/NASA Astrophysics Data System}
}

@ARTICLE{Liu_2023,
       author = {{Liu}, Zheng-Wei and {R{\"o}pke}, Friedrich K. and {Han}, Zhanwen},
        title = "{Type Ia Supernova Explosions in Binary Systems: A Review}",
      journal = {Research in Astronomy and Astrophysics},
     keywords = {(stars:) binaries (including multiple): close, methods: numerical, (stars:) supernovae: general, Astrophysics - High Energy Astrophysical Phenomena, Astrophysics - Solar and Stellar Astrophysics},
         year = 2023,
        month = aug,
       volume = {23},
       number = {8},
          eid = {082001},
        pages = {082001},
          doi = {10.1088/1674-4527/acd89e},
archivePrefix = {arXiv},
       eprint = {2305.13305},
 primaryClass = {astro-ph.HE},
       adsurl = {https://ui.adsabs.harvard.edu/abs/2023RAA....23h2001L},
      adsnote = {Provided by the SAO/NASA Astrophysics Data System}
}



@ARTICLE{Dessart_2014,
       author = {{Dessart}, Luc and {Blondin}, St{\'e}phane and {Hillier}, D. John and {Khokhlov}, Alexei},
        title = "{Constraints on the explosion mechanism and progenitors of Type Ia supernovae}",
      journal = {\mnras},
     keywords = {hydrodynamics, radiative transfer, supernovae: general, supernovae: individual: SN 2011fe, supernovae: individual: SN 2013dy, white dwarfs, Astrophysics - Solar and Stellar Astrophysics, Astrophysics - Cosmology and Nongalactic Astrophysics, Astrophysics - High Energy Astrophysical Phenomena},
         year = 2014,
        month = jun,
       volume = {441},
       number = {1},
        pages = {532-550},
          doi = {10.1093/mnras/stu598},
archivePrefix = {arXiv},
       eprint = {1310.7747},
 primaryClass = {astro-ph.SR},
       adsurl = {https://ui.adsabs.harvard.edu/abs/2014MNRAS.441..532D},
      adsnote = {Provided by the SAO/NASA Astrophysics Data System}
}

@ARTICLE{Boos_2021,
       author = {{Boos}, Samuel J. and {Townsley}, Dean M. and {Shen}, Ken J. and {Caldwell}, Spencer and {Miles}, Broxton J.},
        title = "{Multidimensional Parameter Study of Double Detonation Type Ia Supernovae Originating from Thin Helium Shell White Dwarfs}",
      journal = {\apj},
     keywords = {Type Ia supernovae, White dwarf stars, Supernova dynamics, Explosive nucleosynthesis, 1728, 1799, 1664, 503, Astrophysics - High Energy Astrophysical Phenomena},
         year = 2021,
        month = oct,
       volume = {919},
       number = {2},
          eid = {126},
        pages = {126},
          doi = {10.3847/1538-4357/ac07a2},
archivePrefix = {arXiv},
       eprint = {2101.12330},
 primaryClass = {astro-ph.HE},
       adsurl = {https://ui.adsabs.harvard.edu/abs/2021ApJ...919..126B},
      adsnote = {Provided by the SAO/NASA Astrophysics Data System}
}

@ARTICLE{Wang_2008,
       author = {{Wang}, L. and {Wheeler}, J.~C.},
        title = "{Spectropolarimetry of supernovae.}",
      journal = {\araa},
         year = 2008,
        month = sep,
       volume = {46},
        pages = {433-474},
          doi = {10.1146/annurev.astro.46.060407.145139},
       adsurl = {https://ui.adsabs.harvard.edu/abs/2008ARA&A..46..433W},
      adsnote = {Provided by the SAO/NASA Astrophysics Data System}
}

@ARTICLE{Wang_2003,
       author = {{Wang}, Lifan and {Baade}, Dietrich and {H{\"o}flich}, Peter and {Khokhlov}, Alexei and {Wheeler}, J. Craig and {Kasen}, D. and {Nugent}, Peter E. and {Perlmutter}, Saul and {Fransson}, Claes and {Lundqvist}, Peter},
        title = "{Spectropolarimetry of SN 2001el in NGC 1448: Asphericity of a Normal Type Ia Supernova}",
      journal = {\apj},
     keywords = {Galaxies: Individual: NGC Number: NGC 1448, Stars: Supernovae: General, Stars: Supernovae: Individual: Alphanumeric: SN 2001el, Techniques: Polarimetric},
         year = 2003,
        month = jul,
       volume = {591},
       number = {2},
        pages = {1110-1128},
          doi = {10.1086/375444},
       adsurl = {https://ui.adsabs.harvard.edu/abs/2003ApJ...591.1110W},
      adsnote = {Provided by the SAO/NASA Astrophysics Data System}
}

@ARTICLE{Kasen_2003,
       author = {{Kasen}, Daniel and {Nugent}, Peter and {Wang}, Lifan and {Howell}, D.~A. and {Wheeler}, J. Craig and {H{\"o}flich}, Peter and {Baade}, Dietrich and {Baron}, E. and {Hauschildt}, P.~H.},
        title = "{Analysis of the Flux and Polarization Spectra of the Type Ia Supernova SN 2001el: Exploring the Geometry of the High-Velocity Ejecta}",
      journal = {\apj},
     keywords = {Polarization, Stars: Supernovae: Individual: Alphanumeric: SN 2001el},
         year = 2003,
        month = aug,
       volume = {593},
       number = {2},
        pages = {788-808},
          doi = {10.1086/376601},
       adsurl = {https://ui.adsabs.harvard.edu/abs/2003ApJ...593..788K},
      adsnote = {Provided by the SAO/NASA Astrophysics Data System}
}

@ARTICLE{Patat_2012,
       author = {{Patat}, F. and {H{\"o}flich}, P. and {Baade}, D. and {Maund}, J.~R. and {Wang}, L. and {Wheeler}, J.~C.},
        title = "{VLT Spectropolarimetry of the Type Ia SN 2005ke. A step towards understanding subluminous events}",
      journal = {\aap},
     keywords = {supernovae: general, supernovae: individual: SN2005ke, white dwarfs, dust, extinction, techniques: polarimetric},
         year = 2012,
        month = sep,
       volume = {545},
          eid = {A7},
        pages = {A7},
          doi = {10.1051/0004-6361/201219146},
       adsurl = {https://ui.adsabs.harvard.edu/abs/2012A&A...545A...7P},
      adsnote = {Provided by the SAO/NASA Astrophysics Data System}
}

@ARTICLE{Ruiter_2011,
       author = {{Ruiter}, A.~J. and {Belczynski}, K. and {Sim}, S.~A. and {Hillebrandt}, W. and {Fryer}, C.~L. and {Fink}, M. and {Kromer}, M.},
        title = "{Delay times and rates for Type Ia supernovae and thermonuclear explosions from double-detonation sub-Chandrasekhar mass models}",
      journal = {\mnras},
     keywords = {binaries: close, stars: evolution, supernovae: general, white dwarfs},
         year = 2011,
        month = oct,
       volume = {417},
       number = {1},
        pages = {408-419},
          doi = {10.1111/j.1365-2966.2011.19276.x},
       adsurl = {https://ui.adsabs.harvard.edu/abs/2011MNRAS.417..408R},
      adsnote = {Provided by the SAO/NASA Astrophysics Data System}
}

@ARTICLE{Kirby_2019,
       author = {{Kirby}, Evan N. and {Xie}, Justin L. and {Guo}, Rachel and {de los Reyes}, Mithi A.~C. and {Bergemann}, Maria and {Kovalev}, Mikhail and {Shen}, Ken J. and {Piro}, Anthony L. and {McWilliam}, Andrew},
        title = "{Evidence for Sub-Chandrasekhar Type Ia Supernovae from Stellar Abundances in Dwarf Galaxies}",
      journal = {\apj},
     keywords = {galaxies: abundances, galaxies: dwarf, Local Group, nuclear reactions, nucleosynthesis, abundances, supernovae: general},
         year = 2019,
        month = aug,
       volume = {881},
       number = {1},
          eid = {45},
        pages = {45},
          doi = {10.3847/1538-4357/ab2c02},
       adsurl = {https://ui.adsabs.harvard.edu/abs/2019ApJ...881...45K},
      adsnote = {Provided by the SAO/NASA Astrophysics Data System}
}

@ARTICLE{Ruiter_2014,
       author = {{Ruiter}, A.~J. and {Belczynski}, K. and {Sim}, S.~A. and {Seitenzahl}, I.~R. and {Kwiatkowski}, D.},
        title = "{The effect of helium accretion efficiency on rates of Type Ia supernovae: double detonations in accreting binaries.}",
      journal = {\mnras},
     keywords = {binaries: close, stars: evolution, supernovae: general, white dwarfs},
         year = 2014,
        month = may,
       volume = {440},
        pages = {L101-L105},
          doi = {10.1093/mnrasl/slu030},
       adsurl = {https://ui.adsabs.harvard.edu/abs/2014MNRAS.440L.101R},
      adsnote = {Provided by the SAO/NASA Astrophysics Data System}
}

@ARTICLE{Mazzali_2015,
       author = {{Mazzali}, P.~A. and {Sullivan}, M. and {Filippenko}, A.~V. and {Garnavich}, P.~M. and {Clubb}, K.~I. and {Maguire}, K. and {Pan}, Y. -C. and {Shappee}, B. and {Silverman}, J.~M. and {Benetti}, S. and {Hachinger}, S. and {Nomoto}, K. and {Pian}, E.},
        title = "{Nebular spectra and abundance tomography of the Type Ia supernova SN 2011fe: a normal SN Ia with a stable Fe core}",
      journal = {\mnras},
     keywords = {radiative transfer, techniques: spectroscopic, supernovae: general, superno-vae: individual: (SN 2011fe), Astrophysics - High Energy Astrophysical Phenomena, Astrophysics - Solar and Stellar Astrophysics},
         year = 2015,
        month = jul,
       volume = {450},
       number = {3},
        pages = {2631-2643},
          doi = {10.1093/mnras/stv761},
archivePrefix = {arXiv},
       eprint = {1504.04857},
 primaryClass = {astro-ph.HE},
       adsurl = {https://ui.adsabs.harvard.edu/abs/2015MNRAS.450.2631M},
      adsnote = {Provided by the SAO/NASA Astrophysics Data System}
}

@ARTICLE{Motohara_2006,
       author = {{Motohara}, Kentaro and {Maeda}, Keiichi and {Gerardy}, Christopher L. and {Nomoto}, Ken'ichi and {Tanaka}, Masaomi and {Tominaga}, Nozomu and {Ohkubo}, Takuya and {Mazzali}, Paolo A. and {Fesen}, Robert A. and {H{\"o}flich}, Peter and {Wheeler}, J. Craig},
        title = "{The Asymmetric Explosion of Type Ia Supernovae as Seen from Near-Infrared Observations}",
      journal = {\apjl},
     keywords = {Infrared: Stars, Stars: Supernovae: General, Stars: Supernovae: Individual: Alphanumeric: SN 2003du, supernovae: individual (SN 2003hv), supernovae: individual (SN 2005W), Astrophysics},
         year = 2006,
        month = dec,
       volume = {652},
       number = {2},
        pages = {L101-L104},
          doi = {10.1086/509919},
archivePrefix = {arXiv},
       eprint = {astro-ph/0610303},
 primaryClass = {astro-ph},
       adsurl = {https://ui.adsabs.harvard.edu/abs/2006ApJ...652L.101M},
      adsnote = {Provided by the SAO/NASA Astrophysics Data System}
}

@ARTICLE{Maeda_2010b,
       author = {{Maeda}, K. and {Taubenberger}, S. and {Sollerman}, J. and {Mazzali}, P.~A. and {Leloudas}, G. and {Nomoto}, K. and {Motohara}, K.},
        title = "{Nebular Spectra and Explosion Asymmetry of Type Ia Supernovae}",
      journal = {\apj},
     keywords = {nuclear reactions, nucleosynthesis, abundances, radiative transfer, supernovae: general, supernovae: individual: SN 2003hv, Astrophysics - Solar and Stellar Astrophysics, Astrophysics - Cosmology and Nongalactic Astrophysics},
         year = 2010,
        month = jan,
       volume = {708},
       number = {2},
        pages = {1703-1715},
          doi = {10.1088/0004-637X/708/2/1703},
archivePrefix = {arXiv},
       eprint = {0911.5484},
 primaryClass = {astro-ph.SR},
       adsurl = {https://ui.adsabs.harvard.edu/abs/2010ApJ...708.1703M},
      adsnote = {Provided by the SAO/NASA Astrophysics Data System}
}

@ARTICLE{Shen_2018,
       author = {{Shen}, Ken J. and {Boubert}, Douglas and {G{\"a}nsicke}, Boris T. and {Jha}, Saurabh W. and {Andrews}, Jennifer E. and {Chomiuk}, Laura and {Foley}, Ryan J. and {Fraser}, Morgan and {Gromadzki}, Mariusz and {Guillochon}, James and {Kotze}, Marissa M. and {Maguire}, Kate and {Siebert}, Matthew R. and {Smith}, Nathan and {Strader}, Jay and {Badenes}, Carles and {Kerzendorf}, Wolfgang E. and {Koester}, Detlev and {Kromer}, Markus and {Miles}, Broxton and {Pakmor}, R{\"u}diger and {Schwab}, Josiah and {Toloza}, Odette and {Toonen}, Silvia and {Townsley}, Dean M. and {Williams}, Brian J.},
        title = "{Three Hypervelocity White Dwarfs in Gaia DR2: Evidence for Dynamically Driven Double-degenerate Double-detonation Type Ia Supernovae}",
      journal = {\apj},
     keywords = {binaries: close, nuclear reactions, nucleosynthesis, abundances, supernovae: general, white dwarfs, Astrophysics - Solar and Stellar Astrophysics, Astrophysics - High Energy Astrophysical Phenomena},
         year = 2018,
        month = sep,
       volume = {865},
       number = {1},
          eid = {15},
        pages = {15},
          doi = {10.3847/1538-4357/aad55b},
archivePrefix = {arXiv},
       eprint = {1804.11163},
 primaryClass = {astro-ph.SR},
       adsurl = {https://ui.adsabs.harvard.edu/abs/2018ApJ...865...15S},
      adsnote = {Provided by the SAO/NASA Astrophysics Data System}
}

@ARTICLE{El-Badry_2023,
       author = {{El-Badry}, Kareem and {Shen}, Ken J. and {Chandra}, Vedant and {Bauer}, Evan B. and {Fuller}, Jim and {Strader}, Jay and {Chomiuk}, Laura and {Naidu}, Rohan P. and {Caiazzo}, Ilaria and {Rodriguez}, Antonio C. and {Nagarajan}, Pranav and {Yamaguchi}, Natsuko and {Vanderbosch}, Zachary P. and {Roulston}, Benjamin R. and {G{\"a}nsicke}, Boris and {Han}, Jiwon Jesse and {Burdge}, Kevin B. and {Filippenko}, Alexei V. and {Brink}, Thomas G. and {Zheng}, WeiKang},
        title = "{The fastest stars in the Galaxy}",
      journal = {The Open Journal of Astrophysics},
     keywords = {Astrophysics - Solar and Stellar Astrophysics, Astrophysics - Astrophysics of Galaxies, Astrophysics - High Energy Astrophysical Phenomena},
         year = 2023,
        month = jul,
       volume = {6},
          eid = {28},
        pages = {28},
          doi = {10.21105/astro.2306.03914},
archivePrefix = {arXiv},
       eprint = {2306.03914},
 primaryClass = {astro-ph.SR},
       adsurl = {https://ui.adsabs.harvard.edu/abs/2023OJAp....6E..28J},
      adsnote = {Provided by the SAO/NASA Astrophysics Data System}
}

@ARTICLE{Aihara2018a,
       author = {{Aihara}, Hiroaki and {Armstrong}, Robert and {Bickerton}, Steven and {Bosch}, James and {Coupon}, Jean and {Furusawa}, Hisanori and {Hayashi}, Yusuke and {Ikeda}, Hiroyuki and {Kamata}, Yukiko and {Karoji}, Hiroshi and {Kawanomoto}, Satoshi and {Koike}, Michitaro and {Komiyama}, Yutaka and {Lang}, Dustin and {Lupton}, Robert H. and {Mineo}, Sogo and {Miyatake}, Hironao and {Miyazaki}, Satoshi and {Morokuma}, Tomoki and {Obuchi}, Yoshiyuki and {Oishi}, Yukie and {Okura}, Yuki and {Price}, Paul A. and {Takata}, Tadafumi and {Tanaka}, Manobu M. and {Tanaka}, Masayuki and {Tanaka}, Yoko and {Uchida}, Tomohisa and {Uraguchi}, Fumihiro and {Utsumi}, Yousuke and {Wang}, Shiang-Yu and {Yamada}, Yoshihiko and {Yamanoi}, Hitomi and {Yasuda}, Naoki and {Arimoto}, Nobuo and {Chiba}, Masashi and {Finet}, Francois and {Fujimori}, Hiroki and {Fujimoto}, Seiji and {Furusawa}, Junko and {Goto}, Tomotsugu and {Goulding}, Andy and {Gunn}, James E. and {Harikane}, Yuichi and {Hattori}, Takashi and {Hayashi}, Masao and {He{\l}miniak}, Krzysztof G. and {Higuchi}, Ryo and {Hikage}, Chiaki and {Ho}, Paul T.~P. and {Hsieh}, Bau-Ching and {Huang}, Kuiyun and {Huang}, Song and {Imanishi}, Masatoshi and {Iwata}, Ikuru and {Jaelani}, Anton T. and {Jian}, Hung-Yu and {Kashikawa}, Nobunari and {Katayama}, Nobuhiko and {Kojima}, Takashi and {Konno}, Akira and {Koshida}, Shintaro and {Kusakabe}, Haruka and {Leauthaud}, Alexie and {Lee}, Chien-Hsiu and {Lin}, Lihwai and {Lin}, Yen-Ting and {Mandelbaum}, Rachel and {Matsuoka}, Yoshiki and {Medezinski}, Elinor and {Miyama}, Shoken and {Momose}, Rieko and {More}, Anupreeta and {More}, Surhud and {Mukae}, Shiro and {Murata}, Ryoma and {Murayama}, Hitoshi and {Nagao}, Tohru and {Nakata}, Fumiaki and {Niida}, Mana and {Niikura}, Hiroko and {Nishizawa}, Atsushi J. and {Oguri}, Masamune and {Okabe}, Nobuhiro and {Ono}, Yoshiaki and {Onodera}, Masato and {Onoue}, Masafusa and {Ouchi}, Masami and {Pyo}, Tae-Soo and {Shibuya}, Takatoshi and {Shimasaku}, Kazuhiro and {Simet}, Melanie and {Speagle}, Joshua and {Spergel}, David N. and {Strauss}, Michael A. and {Sugahara}, Yuma and {Sugiyama}, Naoshi and {Suto}, Yasushi and {Suzuki}, Nao and {Tait}, Philip J. and {Takada}, Masahiro and {Terai}, Tsuyoshi and {Toba}, Yoshiki and {Turner}, Edwin L. and {Uchiyama}, Hisakazu and {Umetsu}, Keiichi and {Urata}, Yuji and {Usuda}, Tomonori and {Yeh}, Sherry and {Yuma}, Suraphong},
        title = "{First data release of the Hyper Suprime-Cam Subaru Strategic Program}",
      journal = {\pasj},
     keywords = {astronomical databases, cosmology: observations, galaxies: general, surveys, Astrophysics - Instrumentation and Methods for Astrophysics, Astrophysics - Earth and Planetary Astrophysics, Astrophysics - Astrophysics of Galaxies, Astrophysics - High Energy Astrophysical Phenomena, Astrophysics - Solar and Stellar Astrophysics},
         year = 2018,
        month = jan,
       volume = {70},
          eid = {S8},
        pages = {S8},
          doi = {10.1093/pasj/psx081},
archivePrefix = {arXiv},
       eprint = {1702.08449},
 primaryClass = {astro-ph.IM},
       adsurl = {https://ui.adsabs.harvard.edu/abs/2018PASJ...70S...8A},
      adsnote = {Provided by the SAO/NASA Astrophysics Data System}
}


@ARTICLE{Aihara2022a,
       author = {{Aihara}, Hiroaki and {AlSayyad}, Yusra and {Ando}, Makoto and {Armstrong}, Robert and {Bosch}, James and {Egami}, Eiichi and {Furusawa}, Hisanori and {Furusawa}, Junko and {Harasawa}, Sumiko and {Harikane}, Yuichi and {Hsieh}, Bau-Ching and {Ikeda}, Hiroyuki and {Ito}, Kei and {Iwata}, Ikuru and {Kodama}, Tadayuki and {Koike}, Michitaro and {Kokubo}, Mitsuru and {Komiyama}, Yutaka and {Li}, Xiangchong and {Liang}, Yongming and {Lin}, Yen-Ting and {Lupton}, Robert H. and {Lust}, Nate B. and {MacArthur}, Lauren A. and {Mawatari}, Ken and {Mineo}, Sogo and {Miyatake}, Hironao and {Miyazaki}, Satoshi and {More}, Surhud and {Morishima}, Takahiro and {Murayama}, Hitoshi and {Nakajima}, Kimihiko and {Nakata}, Fumiaki and {Nishizawa}, Atsushi J. and {Oguri}, Masamune and {Okabe}, Nobuhiro and {Okura}, Yuki and {Ono}, Yoshiaki and {Osato}, Ken and {Ouchi}, Masami and {Pan}, Yen-Chen and {Plazas Malag{\'o}n}, Andr{\'e}s A. and {Price}, Paul A. and {Reed}, Sophie L. and {Rykoff}, Eli S. and {Shibuya}, Takatoshi and {Simunovic}, Mirko and {Strauss}, Michael A. and {Sugimori}, Kanako and {Suto}, Yasushi and {Suzuki}, Nao and {Takada}, Masahiro and {Takagi}, Yuhei and {Takata}, Tadafumi and {Takita}, Satoshi and {Tanaka}, Masayuki and {Tang}, Shenli and {Taranu}, Dan S. and {Terai}, Tsuyoshi and {Toba}, Yoshiki and {Turner}, Edwin L. and {Uchiyama}, Hisakazu and {Vijarnwannaluk}, Bovornpratch and {Waters}, Christopher Z. and {Yamada}, Yoshihiko and {Yamamoto}, Naoaki and {Yamashita}, Takuji},
        title = "{Third data release of the Hyper Suprime-Cam Subaru Strategic Program}",
      journal = {\pasj},
     keywords = {astronomical databases: miscellaneous, cosmology: observations, galaxies: general, surveys, Astrophysics - Instrumentation and Methods for Astrophysics, Astrophysics - Cosmology and Nongalactic Astrophysics, Astrophysics - Astrophysics of Galaxies},
         year = 2022,
        month = apr,
       volume = {74},
       number = {2},
        pages = {247-272},
          doi = {10.1093/pasj/psab122},
archivePrefix = {arXiv},
       eprint = {2108.13045},
 primaryClass = {astro-ph.IM},
       adsurl = {https://ui.adsabs.harvard.edu/abs/2022PASJ...74..247A},
      adsnote = {Provided by the SAO/NASA Astrophysics Data System}
}
@ARTICLE{Byler2017a,
       author = {{Byler}, Nell and {Dalcanton}, Julianne J. and {Conroy}, Charlie and
         {Johnson}, Benjamin D.},
        title = "{Nebular Continuum and Line Emission in Stellar Population Synthesis Models}",
      journal = {\apj},
     keywords = {galaxies: abundances, galaxies: ISM, galaxies: star formation, Astrophysics - Astrophysics of Galaxies},
         year = 2017,
        month = may,
       volume = {840},
       number = {1},
          eid = {44},
        pages = {44},
          doi = {10.3847/1538-4357/aa6c66},
archivePrefix = {arXiv},
       eprint = {1611.08305},
 primaryClass = {astro-ph.GA},
       adsurl = {https://ui.adsabs.harvard.edu/abs/2017ApJ...840...44B},
      adsnote = {Provided by the SAO/NASA Astrophysics Data System}
}

@ARTICLE{Calzetti2000a,
   author = {{Calzetti}, D. and {Armus}, L. and {Bohlin}, R.~C. and {Kinney}, A.~L. and 
	{Koornneef}, J. and {Storchi-Bergmann}, T.},
    title = "{The Dust Content and Opacity of Actively Star-forming Galaxies}",
  journal = {\apj},
   eprint = {astro-ph/9911459},
 keywords = {GALAXIES: STARBURST, INFRARED: GALAXIES, INFRARED: ISM: CONTINUUM, ISM: DUST, EXTINCTION},
     year = 2000,
    month = apr,
   volume = 533,
    pages = {682-695},
      doi = {10.1086/308692},
   adsurl = {http://adsabs.harvard.edu/abs/2000ApJ...533..682C},
  adsnote = {Provided by the SAO/NASA Astrophysics Data System}
}

@ARTICLE{Chabrier2003a,
   author = {{Chabrier}, G.},
    title = "{Galactic Stellar and Substellar Initial Mass Function}",
  journal = {\pasp},
   eprint = {astro-ph/0304382},
 keywords = {Galaxies: Luminosity Function, Mass Function, Invited Reviews},
     year = 2003,
    month = jul,
   volume = 115,
    pages = {763},
      doi = {10.1086/376392},
   adsurl = {http://adsabs.harvard.edu/abs/2003PASP..115..763C},
  adsnote = {Provided by the SAO/NASA Astrophysics Data System}
}

@ARTICLE{Dey2018a,
       author = {{Dey}, Arjun and {Schlegel}, David J. and {Lang}, Dustin and
         {Blum}, Robert and {Burleigh}, Kaylan and {Fan}, Xiaohui and
         {Findlay}, Joseph R. and {Finkbeiner}, Doug and {Herrera}, David and
         {Juneau}, St{\'e}phanie and {Landriau}, Martin and {Levi}, Michael and
         {McGreer}, Ian and {Meisner}, Aaron and {Myers}, Adam D. and
         {Moustakas}, John and {Nugent}, Peter and {Patej}, Anna and
         {Schlafly}, Edward F. and {Walker}, Alistair R. and
         {Valdes}, Francisco and {Weaver}, Benjamin A. and
         {Y{\`e}che}, Christophe and {Zou}, Hu and {Zhou}, Xu and
         {Abareshi}, Behzad and {Abbott}, T.~M.~C. and {Abolfathi}, Bela and
         {Aguilera}, C. and {Alam}, Shadab and {Allen}, Lori and {Alvarez}, A. and
         {Annis}, James and {Ansarinejad}, Behzad and {Aubert}, Marie and
         {Beechert}, Jacqueline and {Bell}, Eric F. and {BenZvi}, Segev Y. and
         {Beutler}, Florian and {Bielby}, Richard M. and {Bolton}, Adam S. and
         {Brice{\~n}o}, C{\'e}sar and {Buckley-Geer}, Elizabeth J. and
         {Butler}, Karen and {Calamida}, Annalisa and {Carlberg}, Raymond G. and
         {Carter}, Paul and {Casas}, Ricard and {Castander}, Francisco J. and
         {Choi}, Yumi and {Comparat}, Johan and {Cukanovaite}, Elena and
         {Delubac}, Timoth{\'e}e and {DeVries}, Kaitlin and {Dey}, Sharmila and
         {Dhungana}, Govinda and {Dickinson}, Mark and {Ding}, Zhejie and
         {Donaldson}, John B. and {Duan}, Yutong and
         {Duckworth}, Christopher J. and {Eftekharzadeh}, Sarah and
         {Eisenstein}, Daniel J. and {Etourneau}, Thomas and
         {Fagrelius}, Parker A. and {Farihi}, Jay and {Fitzpatrick}, Mike and
         {Font-Ribera}, Andreu and {Fulmer}, Leah and {G{\"a}nsicke}, Boris T. and
         {Gaztanaga}, Enrique and {George}, Koshy and {Gerdes}, David W. and
         {Gontcho}, Satya Gontcho A. and {Gorgoni}, Claudio and
         {Green}, Gregory and {Guy}, Julien and {Harmer}, Diane and {Hernand
        ez}, M. and {Honscheid}, Klaus and {Huang}, Lijuan Wendy and
         {James}, David J. and {Jannuzi}, Buell T. and {Jiang}, Linhua and
         {Joyce}, Richard and {Karcher}, Armin and {Karkar}, Sonia and
         {Kehoe}, Robert and {Kneib}, Jean-Paul and {Kueter-Young}, Andrea and
         {Lan}, Ting-Wen and {Lauer}, Tod R. and {Le Guillou}, Laurent and
         {Le Van Suu}, Auguste and {Lee}, Jae Hyeon and {Lesser}, Michael and
         {Perreault Levasseur}, Laurence and {Li}, Ting S. and
         {Mann}, Justin L. and {Marshall}, Robert and
         {Mart{\'\i}nez-V{\'a}zquez}, C.~E. and {Martini}, Paul and
         {du Mas des Bourboux}, H{\'e}lion and {McManus}, Sean and
         {Meier}, Tobias Gabriel and {M{\'e}nard}, Brice and {Metcalfe}, Nigel and
         {Mu{\~n}oz-Guti{\'e}rrez}, Andrea and {Najita}, Joan and
         {Napier}, Kevin and {Narayan}, Gautham and {Newman}, Jeffrey A. and
         {Nie}, Jundan and {Nord}, Brian and {Norman}, Dara J. and
         {Olsen}, Knut A.~G. and {Paat}, Anthony and
         {Palanque-Delabrouille}, Nathalie and {Peng}, Xiyan and
         {Poppett}, Claire L. and {Poremba}, Megan R. and {Prakash}, Abhishek and
         {Rabinowitz}, David and {Raichoor}, Anand and {Rezaie}, Mehdi and
         {Robertson}, A.~N. and {Roe}, Natalie A. and {Ross}, Ashley J. and
         {Ross}, Nicholas P. and {Rudnick}, Gregory and {Safonova}, Sasha and
         {Saha}, Abhijit and {S{\'a}nchez}, F. Javier and {Savary}, Elodie and
         {Schweiker}, Heidi and {Scott}, Adam and {Seo}, Hee-Jong and
         {Shan}, Huanyuan and {Silva}, David R. and {Slepian}, Zachary and
         {Soto}, Christian and {Sprayberry}, David and {Staten}, Ryan and
         {Stillman}, Coley M. and {Stupak}, Robert J. and {Summers}, David L. and
         {Sien Tie}, Suk and {Tirado}, H. and {Vargas-Maga{\~n}a}, Mariana and
         {Vivas}, A. Katherina and {Wechsler}, Risa H. and {Williams}, Doug and
         {Yang}, Jinyi and {Yang}, Qian and {Yapici}, Tolga and
         {Zaritsky}, Dennis and {Zenteno}, A. and {Zhang}, Kai and
         {Zhang}, Tianmeng and {Zhou}, Rongpu and {Zhou}, Zhimin},
        title = "{Overview of the DESI Legacy Imaging Surveys}",
      journal = {\aj},
     keywords = {catalogs, surveys, Astrophysics - Instrumentation and Methods for Astrophysics},
         year = 2019,
        month = may,
       volume = {157},
       number = {5},
          eid = {168},
        pages = {168},
          doi = {10.3847/1538-3881/ab089d},
archivePrefix = {arXiv},
       eprint = {1804.08657},
 primaryClass = {astro-ph.IM},
       adsurl = {https://ui.adsabs.harvard.edu/abs/2019AJ....157..168D},
      adsnote = {Provided by the SAO/NASA Astrophysics Data System}
}

@ARTICLE{Schulze2018a,
       author = {{Schulze}, S. and {Kr{\"u}hler}, T. and {Leloudas}, G. and {Gorosabel}, J. and {Mehner}, A. and {Buchner}, J. and {Kim}, S. and {Ibar}, E. and {Amor{\'\i}n}, R. and {Herrero-Illana}, R. and {Anderson}, J.~P. and {Bauer}, F.~E. and {Christensen}, L. and {de Pasquale}, M. and {de Ugarte Postigo}, A. and {Gallazzi}, A. and {Hjorth}, J. and {Morrell}, N. and {Malesani}, D. and {Sparre}, M. and {Stalder}, B. and {Stark}, A.~A. and {Th{\"o}ne}, C.~C. and {Wheeler}, J.~C.},
        title = "{Cosmic evolution and metal aversion in superluminous supernova host galaxies}",
      journal = {\mnras},
     keywords = {galaxies: evolution, galaxies: high-redshift, galaxies: luminosity function, mass function, galaxies: starburst, galaxies: star formation, Astrophysics - Astrophysics of Galaxies},
         year = 2018,
        month = jan,
       volume = {473},
       number = {1},
        pages = {1258-1285},
          doi = {10.1093/mnras/stx2352},
archivePrefix = {arXiv},
       eprint = {1612.05978},
 primaryClass = {astro-ph.GA},
       adsurl = {https://ui.adsabs.harvard.edu/abs/2018MNRAS.473.1258S},
      adsnote = {Provided by the SAO/NASA Astrophysics Data System}
}

@ARTICLE{Schulze2021a,
       author = {{Schulze}, Steve and {Yaron}, Ofer and {Sollerman}, Jesper and {Leloudas}, Giorgos and {Gal}, Amit and {Wright}, Angus H. and {Lunnan}, Ragnhild and {Gal-Yam}, Avishay and {Ofek}, Eran O. and {Perley}, Daniel A. and {Filippenko}, Alexei V. and {Kasliwal}, Mansi M. and {Kulkarni}, Shrinivas R. and {Neill}, James D. and {Nugent}, Peter E. and {Quimby}, Robert M. and {Sullivan}, Mark and {Strotjohann}, Nora Linn and {Arcavi}, Iair and {Ben-Ami}, Sagi and {Bianco}, Federica and {Bloom}, Joshua S. and {De}, Kishalay and {Fraser}, Morgan and {Fremling}, Christoffer U. and {Horesh}, Assaf and {Johansson}, Joel and {Kelly}, Patrick L. and {Kne{\v{z}}evi{\'c}}, Nikola and {Kne{\v{z}}evi{\'c}}, Sladjana and {Maguire}, Kate and {Nyholm}, Anders and {Papadogiannakis}, Sem{\'e}li and {Petrushevska}, Tanja and {Rubin}, Adam and {Yan}, Lin and {Yang}, Yi and {Adams}, Scott M. and {Bufano}, Filomena and {Clubb}, Kelsey I. and {Foley}, Ryan J. and {Green}, Yoav and {Harmanen}, Jussi and {Ho}, Anna Y.~Q. and {Hook}, Isobel M. and {Hosseinzadeh}, Griffin and {Howell}, D. Andrew and {Kong}, Albert K.~H. and {Kotak}, Rubina and {Matheson}, Thomas and {McCully}, Curtis and {Milisavljevic}, Dan and {Pan}, Yen-Chen and {Poznanski}, Dovi and {Shivvers}, Isaac and {van Velzen}, Sjoert and {Verbeek}, Kars K.},
        title = "{The Palomar Transient Factory Core-collapse Supernova Host-galaxy Sample. I. Host-galaxy Distribution Functions and Environment Dependence of Core-collapse Supernovae}",
      journal = {\apjs},
     keywords = {Supernovae, Core-collapse supernovae, Galaxies, Galactic and extragalactic astronomy, 1668, 304, 573, 563, Astrophysics - Astrophysics of Galaxies},
         year = 2021,
        month = aug,
       volume = {255},
       number = {2},
          eid = {29},
        pages = {29},
          doi = {10.3847/1538-4365/abff5e},
archivePrefix = {arXiv},
       eprint = {2008.05988},
 primaryClass = {astro-ph.GA},
       adsurl = {https://ui.adsabs.harvard.edu/abs/2021ApJS..255...29S},
      adsnote = {Provided by the SAO/NASA Astrophysics Data System}
}

@ARTICLE{Conroy_2013,
       author = {{Conroy}, Charlie},
        title = "{Modeling the Panchromatic Spectral Energy Distributions of Galaxies}",
      journal = {\araa},
     keywords = {Astrophysics - Cosmology and Nongalactic Astrophysics},
         year = 2013,
        month = aug,
       volume = {51},
       number = {1},
        pages = {393-455},
          doi = {10.1146/annurev-astro-082812-141017},
archivePrefix = {arXiv},
       eprint = {1301.7095},
 primaryClass = {astro-ph.CO},
       adsurl = {https://ui.adsabs.harvard.edu/abs/2013ARA&A..51..393C},
      adsnote = {Provided by the SAO/NASA Astrophysics Data System}
}

@ARTICLE{Pakmor_2013,
       author = {{Pakmor}, R. and {Kromer}, M. and {Taubenberger}, S. and {Springel}, V.},
        title = "{Helium-ignited Violent Mergers as a Unified Model for Normal and Rapidly Declining Type Ia Supernovae}",
      journal = {\apjl},
     keywords = {binaries: general, supernovae: general, white dwarfs, Astrophysics - High Energy Astrophysical Phenomena, Astrophysics - Solar and Stellar Astrophysics},
         year = 2013,
        month = jun,
       volume = {770},
       number = {1},
          eid = {L8},
        pages = {L8},
          doi = {10.1088/2041-8205/770/1/L8},
archivePrefix = {arXiv},
       eprint = {1302.2913},
 primaryClass = {astro-ph.HE},
       adsurl = {https://ui.adsabs.harvard.edu/abs/2013ApJ...770L...8P},
      adsnote = {Provided by the SAO/NASA Astrophysics Data System}
}

@ARTICLE{Guillochon_2010,
       author = {{Guillochon}, James and {Dan}, Marius and {Ramirez-Ruiz}, Enrico and {Rosswog}, Stephan},
        title = "{Surface Detonations in Double Degenerate Binary Systems Triggered by Accretion Stream Instabilities}",
      journal = {\apjl},
     keywords = {accretion, accretion disks, binaries: general, instabilities, novae, cataclysmic variables, supernovae: general, white dwarfs, Astrophysics - High Energy Astrophysical Phenomena},
         year = 2010,
        month = jan,
       volume = {709},
       number = {1},
        pages = {L64-L69},
          doi = {10.1088/2041-8205/709/1/L64},
archivePrefix = {arXiv},
       eprint = {0911.0416},
 primaryClass = {astro-ph.HE},
       adsurl = {https://ui.adsabs.harvard.edu/abs/2010ApJ...709L..64G},
      adsnote = {Provided by the SAO/NASA Astrophysics Data System}
}

@ARTICLE{Tanikawa_2018,
       author = {{Tanikawa}, Ataru and {Nomoto}, Ken'ichi and {Nakasato}, Naohito},
        title = "{Three-dimensional Simulation of Double Detonations in the Double-degenerate Model for Type Ia Supernovae and Interaction of Ejecta with a Surviving White Dwarf Companion}",
      journal = {\apj},
     keywords = {binaries: close, galaxies: evolution, hydrodynamics, supernovae: general, white dwarfs, Astrophysics - High Energy Astrophysical Phenomena},
         year = 2018,
        month = dec,
       volume = {868},
       number = {2},
          eid = {90},
        pages = {90},
          doi = {10.3847/1538-4357/aae9ee},
archivePrefix = {arXiv},
       eprint = {1808.01545},
 primaryClass = {astro-ph.HE},
       adsurl = {https://ui.adsabs.harvard.edu/abs/2018ApJ...868...90T},
      adsnote = {Provided by the SAO/NASA Astrophysics Data System}
}

@ARTICLE{Tanikawa_2019,
       author = {{Tanikawa}, Ataru and {Nomoto}, Ken'ichi and {Nakasato}, Naohito and {Maeda}, Keiichi},
        title = "{Double-detonation Models for Type Ia Supernovae: Trigger of Detonation in Companion White Dwarfs and Signatures of Companions{\textquoteright} Stripped-off Materials}",
      journal = {\apj},
     keywords = {binaries: close, galaxies: evolution, hydrodynamics, supernovae: general, white dwarfs, Astrophysics - High Energy Astrophysical Phenomena},
         year = 2019,
        month = nov,
       volume = {885},
       number = {2},
          eid = {103},
        pages = {103},
          doi = {10.3847/1538-4357/ab46b6},
archivePrefix = {arXiv},
       eprint = {1909.09770},
 primaryClass = {astro-ph.HE},
       adsurl = {https://ui.adsabs.harvard.edu/abs/2019ApJ...885..103T},
      adsnote = {Provided by the SAO/NASA Astrophysics Data System}
}

@ARTICLE{Hoeflich_1995,
       author = {{Hoeflich}, P. and {Khokhlov}, A.~M. and {Wheeler}, J.~C.},
        title = "{Delayed Detonation Models for Normal and Subluminous Type IA Supernovae: Absolute Brightness, Light Curves, and Molecule Formation}",
      journal = {\apj},
     keywords = {Brightness, Detonation, Light Curve, Molecular Dynamics, Stellar Models, Supernovae, Abundance, Equations Of State, Hydrodynamics, Infrared Astronomy, Monte Carlo Method, Radiative Transfer, Stellar Luminosity, Astrophysics, HYDRODYNAMICS, MOLECULAR PROCESSES, NUCLEAR REACTIONS, NUCLEOSYNTHESIS, ABUNDANCES, STARS: INTERIORS, STARS: SUPERNOVAE: GENERAL},
         year = 1995,
        month = may,
       volume = {444},
        pages = {831},
          doi = {10.1086/175656},
       adsurl = {https://ui.adsabs.harvard.edu/abs/1995ApJ...444..831H},
      adsnote = {Provided by the SAO/NASA Astrophysics Data System}
}

@ARTICLE{Raskin_2014,
       author = {{Raskin}, Cody and {Kasen}, Daniel and {Moll}, Rainer and {Schwab}, Josiah and {Woosley}, Stan},
        title = "{Type Ia Supernovae from Merging White Dwarfs. II. Post-merger Detonations}",
      journal = {\apj},
     keywords = {hydrodynamics, nuclear reactions, nucleosynthesis, abundances, supernovae: general, white dwarfs, Astrophysics - High Energy Astrophysical Phenomena, Astrophysics - Solar and Stellar Astrophysics},
         year = 2014,
        month = jun,
       volume = {788},
       number = {1},
          eid = {75},
        pages = {75},
          doi = {10.1088/0004-637X/788/1/75},
archivePrefix = {arXiv},
       eprint = {1312.3649},
 primaryClass = {astro-ph.HE},
       adsurl = {https://ui.adsabs.harvard.edu/abs/2014ApJ...788...75R},
      adsnote = {Provided by the SAO/NASA Astrophysics Data System}
}

@ARTICLE{Oke_1983,
       author = {{Oke}, J.~B. and {Gunn}, J.~E.},
        title = "{Secondary standard stars for absolute spectrophotometry.}",
      journal = {\apj},
     keywords = {Reference Stars, Spectral Energy Distribution, Stellar Spectrophotometry, Subdwarf Stars, Calibrating, Line Spectra, Astronomy},
         year = 1983,
        month = mar,
       volume = {266},
        pages = {713-717},
          doi = {10.1086/160817},
       adsurl = {https://ui.adsabs.harvard.edu/abs/1983ApJ...266..713O},
      adsnote = {Provided by the SAO/NASA Astrophysics Data System}
}

@ARTICLE{Howell_2006,
       author = {{Howell}, D. Andrew and {Sullivan}, Mark and {Nugent}, Peter E. and {Ellis}, Richard S. and {Conley}, Alexander J. and {Le Borgne}, Damien and {Carlberg}, Raymond G. and {Guy}, Julien and {Balam}, David and {Basa}, Stephane and {Fouchez}, Dominique and {Hook}, Isobel M. and {Hsiao}, Eric Y. and {Neill}, James D. and {Pain}, Reynald and {Perrett}, Kathryn M. and {Pritchet}, Christopher J.},
        title = "{The type Ia supernova SNLS-03D3bb from a super-Chandrasekhar-mass white dwarf star}",
      journal = {\nat},
     keywords = {Astrophysics},
         year = 2006,
        month = sep,
       volume = {443},
       number = {7109},
        pages = {308-311},
          doi = {10.1038/nature05103},
archivePrefix = {arXiv},
       eprint = {astro-ph/0609616},
 primaryClass = {astro-ph},
       adsurl = {https://ui.adsabs.harvard.edu/abs/2006Natur.443..308H},
      adsnote = {Provided by the SAO/NASA Astrophysics Data System}
}

@ARTICLE{Taubenberger_2011,
       author = {{Taubenberger}, S. and {Benetti}, S. and {Childress}, M. and {Pakmor}, R. and {Hachinger}, S. and {Mazzali}, P.~A. and {Stanishev}, V. and {Elias-Rosa}, N. and {Agnoletto}, I. and {Bufano}, F. and {Ergon}, M. and {Harutyunyan}, A. and {Inserra}, C. and {Kankare}, E. and {Kromer}, M. and {Navasardyan}, H. and {Nicolas}, J. and {Pastorello}, A. and {Prosperi}, E. and {Salgado}, F. and {Sollerman}, J. and {Stritzinger}, M. and {Turatto}, M. and {Valenti}, S. and {Hillebrandt}, W.},
        title = "{High luminosity, slow ejecta and persistent carbon lines: SN 2009dc challenges thermonuclear explosion scenarios}",
      journal = {\mnras},
     keywords = {supernovae: general, supernovae: individual: SN 2006gz, supernovae: individual: SN 2007if, supernovae: individual: SN 2009dc, galaxies: individual: UGC 10063, galaxies: individual: UGC 10064, Astrophysics - Solar and Stellar Astrophysics},
         year = 2011,
        month = apr,
       volume = {412},
       number = {4},
        pages = {2735-2762},
          doi = {10.1111/j.1365-2966.2010.18107.x},
archivePrefix = {arXiv},
       eprint = {1011.5665},
 primaryClass = {astro-ph.SR},
       adsurl = {https://ui.adsabs.harvard.edu/abs/2011MNRAS.412.2735T},
      adsnote = {Provided by the SAO/NASA Astrophysics Data System}
}

@ARTICLE{Taubenberger_2019,
       author = {{Taubenberger}, S. and {Floers}, A. and {Vogl}, C. and {Kromer}, M. and {Spyromilio}, J. and {Aldering}, G. and {Antilogus}, P. and {Bailey}, S. and {Baltay}, C. and {Bongard}, S. and {Boone}, K. and {Buton}, C. and {Chotard}, N. and {Copin}, Y. and {Dixon}, S. and {Fouchez}, D. and {Fransson}, C. and {Gangler}, E. and {Gupta}, R.~R. and {Hachinger}, S. and {Hayden}, B. and {Hillebrandt}, W. and {Kim}, A.~G. and {Kowalski}, M. and {Leget}, P. -F. and {Leibundgut}, B. and {Mazzali}, P.~A. and {Noebauer}, U.~M. and {Nordin}, J. and {Pain}, R. and {Pakmor}, R. and {Pecontal}, E. and {Pereira}, R. and {Perlmutter}, S. and {Ponder}, K.~A. and {Rabinowitz}, D. and {Rigault}, M. and {Rubin}, D. and {Runge}, K. and {Saunders}, C. and {Smadja}, G. and {Tao}, C. and {Thomas}, R.~C.},
        title = "{SN 2012dn from early to late times: 09dc-like supernovae reassessed}",
      journal = {\mnras},
     keywords = {line: identification, supernovae: general, supernovae: individual: SN 2012dn, SN 2006gz, SN 2007if, SN 2009dc, Astrophysics - High Energy Astrophysical Phenomena, Astrophysics - Solar and Stellar Astrophysics},
         year = 2019,
        month = oct,
       volume = {488},
       number = {4},
        pages = {5473-5488},
          doi = {10.1093/mnras/stz1977},
archivePrefix = {arXiv},
       eprint = {1907.06753},
 primaryClass = {astro-ph.HE},
       adsurl = {https://ui.adsabs.harvard.edu/abs/2019MNRAS.488.5473T},
      adsnote = {Provided by the SAO/NASA Astrophysics Data System}
}

@ARTICLE{Brown_2014,
       author = {{Brown}, Peter J. and {Kuin}, Paul and {Scalzo}, Richard and {Smitka}, Michael T. and {de Pasquale}, Massimiliano and {Holland}, Stephen and {Krisciunas}, Kevin and {Milne}, Peter and {Wang}, Lifan},
        title = "{Ultraviolet Observations of Super-Chandrasekhar Mass Type Ia Supernova Candidates with Swift UVOT}",
      journal = {\apj},
     keywords = {supernovae: general, supernovae: individual: SN 2009dc SN 2011aa SN 2012dn, ultraviolet: general, Astrophysics - High Energy Astrophysical Phenomena, Astrophysics - Solar and Stellar Astrophysics},
         year = 2014,
        month = may,
       volume = {787},
       number = {1},
          eid = {29},
        pages = {29},
          doi = {10.1088/0004-637X/787/1/29},
archivePrefix = {arXiv},
       eprint = {1404.0650},
 primaryClass = {astro-ph.HE},
       adsurl = {https://ui.adsabs.harvard.edu/abs/2014ApJ...787...29B},
      adsnote = {Provided by the SAO/NASA Astrophysics Data System}
}

@ARTICLE{Padilla_Gonzalez_2023,
       author = {{Padilla Gonzalez}, E. and {Howell}, D.~A. and {Terreran}, G. and {McCully}, C. and {Newsome}, M. and {Burke}, J. and {Farah}, J. and {Pellegrino}, C. and {Bostroem}, K.~A. and {Hosseinzadeh}, G. and {Pearson}, J. and {Sand}, D.~J. and {Shrestha}, M. and {Smith}, N. and {Dong}, Y. and {Meza Retamal}, N. and {Valenti}, S. and {Boos}, S. and {Shen}, K.~J. and {Townsley}, D. and {Galbany}, L. and {Piscarreta}, L. and {Foley}, R.~J. and {Bustamante-Rosell}, M.~J. and {Coulter}, D.~A. and {Chornock}, R. and {Davis}, K.~W. and {Dickinson}, C.~B. and {Jones}, D.~O. and {Kutcka}, J. and {Le Saux}, X.~K. and {Rojas-Bravo}, C.~R. and {Taggart}, K. and {Tinyanont}, S. and {Yang}, G. and {Jha}, S.~W. and {Margutti}, R.},
        title = "{SN 2022joj: A Potential Double Detonation with a Thin Helium shell}",
      journal = {arXiv e-prints},
     keywords = {Astrophysics - High Energy Astrophysical Phenomena, Astrophysics - Solar and Stellar Astrophysics},
         year = 2023,
        month = aug,
          eid = {arXiv:2308.06334},
        pages = {arXiv:2308.06334},
          doi = {10.48550/arXiv.2308.06334},
archivePrefix = {arXiv},
       eprint = {2308.06334},
 primaryClass = {astro-ph.HE},
       adsurl = {https://ui.adsabs.harvard.edu/abs/2023arXiv230806334P},
      adsnote = {Provided by the SAO/NASA Astrophysics Data System}
}

